4759 6684
372 629 440 687 1595

405 747 430 801 Ἰ,
450 742 531 796 Locus
546 738 674 810 Ecurrquii
688 737 718 789 de
731 734 818 786 orioro
837 743 858 785 et
880 734 963 803 [ructu
984 724 1107 797 qrtoruodo
1120 724 1159 775 in-

371 835 531 908 telliqendus.
545 833 611 888 llam
627 830 690 887 illud
707 827 776 898 qttoil
796 824 955 895 proposuisti
975 821 1009 879 de
1023 819 1118 874 arbore
1134 824 1162 870 et

372 928 406 983 de
419 928 515 991 lructu,
528 940 646 995 propono
658 923 703 976 uti
718 919 816 990 aliqarid
831 919 865 972 de
877 916 1016 984 eseruplis,
1033 921 1060 967 nt
1074 911 1161 964 ‹list-as

373 1019 524 1088 intelligere
536 1016 605 1086 quod
621 1015 722 1068 dietum
737 1003 788 1072 est,
803 1009 885 1064 Arbor
899 1008 964 1060 burm
976 1006 1053 1058 bonos
1066 1005 1162 1074 {rinctus

368 1111 445 1182 <facit
459 1119 482 1164 et
497 1108 571 1162 orbor
585 1106 653 1159 uiola
667 1105 747 1158 titulos
760 1108 857 1173 titulus
871 1100 942 1171 [orit.
964 1097 1019 1166 Ego
1032 1096 1103 1149 cuitu
1124 1093 1163 1145 sic

373 1202 505 1270 intelligo,
528 1196 661 1268 quomodo
681 1206 708 1251 ει
730 1197 786 1264 ipse
811 1192 938 1246 Dominus
956 1186 1074 1255 exponit.
1094 1181 1162 1249 Quid

371 1301 430 1359 est,
448 1294 527 1347 Arbor
541 1292 605 1346 bonu
619 1293 695 1344 botros
713 1293 810 1359 [ructus
830 1284 890 1353 [urit
905 1280 1011 1352 (lluttlt.
1025 1292 1078 1337 ιιι,
1096 1272 1163 1345 llll

374 1383 457 1438 bontas
475 1383 549 1438 lromo
563 1380 670 1436 debono
683 1379 798 1433 tltesouro
812 1375 895 1428 cordis
911 1372 950 1425 sni
964 1368 1059 1441 profert
1077 1365 1162 1427 botrin

372 1483 396 1527 et
411 1475 491 1528 nialus
504 1473 578 1526 bouso
591 1470 623 1526 de
636 1471 702 1524 mato
715 1469 832 1521 tltesonro
844 1464 926 1518 cordis
935 1462 975 1516 aui
989 1459 1085 1530 mosera
1096 1455 1163 1508 ritulo

370 1563 428 1637 (ld.
442 1581 487 1628 ιιι,
499 1565 555 1632 55).
569 1562 696 1618 Homines
708 1560 817 1615 arbores
828 1558 924 1628 posuit,
937 1555 1075 1609 thesauros
1089 1560 1164 1604 aettrs

372 1655 472 1724 posuit.
487 1653 579 1721 Qualis
593 1655 673 1708 lromo
684 1659 743 1715 εει,
759 1649 825 1705 tales
836 1657 910 1701 actus
924 1646 1012 1701 babet.
1033 1643 1060 1699 Si
1078 1643 1165 1698 botrus

372 1745 453 1801 lrotno
468 1755 526 1813 εει,
549 1746 635 1801 bonos
647 1754 723 1801 actus
738 1742 835 1806 bobet;
857 1740 880 1794 si
901 1740 986 1794 stralus
1005 1736 1085 1791 batuto
1104 1744 1162 1799 est,

373 1838 459 1894 malos
472 1847 547 1893 octus
567 1837 648 1892 babet
661 1855 668 1891 ι
683 1852 737 1891 raon
761 1844 848 1905 potest
869 1834 955 1888 boum
977 1830 1057 1889 liomn
1079 1828 1165 1885 rooles

371 1935 447 1982 actus
463 1928 579 1992 habere,
602 1942 651 1982 nee
667 1925 754 1980 malus
769 1925 849 1978 mmo
869 1923 955 1976 botros
967 1929 1043 1976 actm
1054 1919 1162 1977 lubere.

371 2017 440 2084 Quid
456 2018 619 2073 evidentius?
630 2016 692 2086 quid
703 2014 849 2085 liquidius?
860 2012 921 2083 quid
934 2010 1074 2083 apertius?
1085 2009 1164 2065 blodo

373 2119 461 2164 autem
475 2118 501 2164 te
516 2109 638 2163 arborem
655 2107 721 2163 lacis
741 2107 837 2161 bonam
851 2106 894 2173 qui
909 2105 1044 2172 baptizas,
1063 2111 1092 2157 et
1105 2100 1162 2155 lrn·

372 2211 443 2256 ctum
459 2200 523 2254 lacis
534 2214 595 2254 eum
610 2198 835 2270 qocmboptizas3
851 2206 879 2250 ut
893 2195 980 2264 qualis
997 2208 1028 2249 es
1042 2203 1088 2256 tu,
1103 2191 1162 2246 talis

372 2291 407 2344 sit
419 2290 472 2344 ille.
485 2290 562 2344 Absit
570 2290 604 2344 ali
615 2289 669 2351 illo,
681 2297 709 2343 et
721 2287 782 2342 side
794 2302 872 2357 quam
887 2299 1014 2356 perverse
1027 2281 1161 2350 intelligis.

373 2381 421 2436 Est
435 2382 504 2451 opud
520 2395 566 2436 ros
580 2380 693 2451 aliquis,
708 2388 753 2434 aut
773 2379 823 2433 luit
840 2376 983 2447 aliquando
997 2374 1100 2430 adulter
1119 2373 1162 2428 rel

373 2472 504 2527 occultus.
520 2471 573 2526 Sed
588 2470 658 2541 quud
674 2469 775 2533 nescio,
790 2467 891 2538 inquit,
909 2481 963 2522 uon
976 2480 1019 2522 me
1030 2462 1162 2520 moont-

374 2572 428 2616 nat.
454 2562 510 2616 Non
535 2562 596 2615 iude
618 2576 681 2630 aqo;
702 2559 754 2614 alia
776 2557 888 2628 questio
900 2565 942 2611 est
957 2573 964 2611 ε
980 2555 1014 2609 de
1028 2554 1163 2624 baptismo

374 2652 435 2704 stilo
449 2651 546 2721 aliquid
560 2652 663 2716 dicere;
684 2651 734 2703 lum
755 2649 826 2703 enim
846 2648 1022 2716 suscepimus.
1038 2643 1163 2701 Occultos

374 2741 480 2796 adulter
491 2753 532 2796 est
548 2760 553 2795 :
570 2757 634 2810 ergo
649 2739 725 2795 lictus
739 2749 799 2802 est;
816 2753 868 2792 non
889 2737 993 2792 adulter
1006 2736 1100 2801 lletus,
1115 2733 1163 2790 sed

373 2832 477 2887 adulter
489 2847 578 2898 serus,
592 2833 667 2885 lictus
677 2842 776 2884 castus.
788 2830 869 2884 lstum
880 2844 944 2898 erqo
953 2827 1102 2882 adulterum
1116 2824 1165 2880 tto-

330 2930 335 2938 ’
375 2922 472 2975 ntinem
489 2924 597 2985 lictum,
613 2921 748 2990 stragisque
768 2921 877 2985 lictum,
892 2920 952 2989 qnia
972 2918 1050 2981 latct;
1066 2931 1128 2970 tram
1141 2917 1163 2971 si

373 3025 481 3082 apertus
493 3013 527 3067 sit
548 3012 666 3074 adulter,
685 3013 739 3081 jam
761 3010 837 3065 lictus
858 3026 911 3065 nou
925 3019 967 3065 εει
983 3028 989 3064 :
1006 3011 1085 3065 istum
1101 3023 1164 3078 crgo

374 3103 522 3158 adulterum
543 3104 624 3172 litgiet
646 3102 765 3171 prolecto
780 3101 896 3170 Spiritus
908 3110 1025 3154 sanetus.
1047 3098 1163 3153 Eunicus

373 3195 471 3262 quippe
488 3202 530 3248 εει
552 3194 651 3262 prolato
667 3193 797 3247 sententia
813 3209 819 3244 :
838 3191 947 3245 Sanctus
967 3196 1033 3244 errr'm
1052 3190 1164 3260 Sparittu

373 3285 514 3354 discipliuae
535 3284 636 3356 eduqiet
656 3285 742 3353 fictum
765 3283 841 3354 (Sap.
860 3298 886 3349 ι,
900 3283 937 3352 5).
961 3283 1025 3337 Cum
1048 3297 1113 3350 ergo
1129 3281 1164 3334 sit

374 3377 423 3431 iste
436 3377 540 3431 adulter
550 3378 680 3440 occultus,
695 3377 786 3446 ntique
804 3376 930 3445 baptizat.
946 3377 1012 3430 Eece
1024 3375 1100 3428 rideo
1113 3375 1163 3428 lto-

375 3467 473 3521 miuem
496 3468 656 3536 baptizatum
679 3467 713 3520 ab
737 3467 859 3522 adultero
880 3467 985 3520 occulto
1001 3484 1007 3519 ι
1023 3474 1100 3520 uatus
1123 3475 1164 3521 εει

374 3558 476 3612 tructus
486 3575 493 3621 ;
504 3558 549 3612 ubi
560 3568 600 3612 est
613 3557 693 3612 arbor
706 3559 796 3613 borral
810 3557 960 3626 baptizatos
970 3568 1020 3622 est,
1036 3560 1163 3613 innmens

373 3658 425 3713 est,
443 3648 509 3702 laeta
525 3658 567 3702 εει
582 3649 607 3702 in
623 3649 669 3703 illo
682 3649 804 3704 remissio
815 3658 1003 3718 peceatoromj
1014 3650 1165 3719 ergoiusti-

377 3739 470 3792 ticotus
480 3747 520 3792 εει
530 3738 636 3808 impius,
650 3748 727 3794 uatus
737 3749 778 3794 εει
787 3738 888 3795 lrnctus
902 3740 988 3796 bonus
1004 3760 1010 3796 :
1025 3757 1116 3810 quarm
1130 3741 1164 3797 de

375 3843 426 3896 qua
446 3828 560 3884 arbore?
576 3830 631 3896 bie,
644 3829 778 3899 responde
792 3830 857 3884 milti
872 3850 878 3883 :
894 3831 973 3884 arbor
986 3831 1030 3884 illa
1043 3832 1163 3886 occultus

374 3921 478 3974 adulter
488 3930 539 3985 εει,
555 3922 621 3976 mals
634 3923 714 3977 orbor
726 3931 786 3985 est;
801 3923 824 3975 si
839 3922 918 3990 lanius
931 3922 1033 3975 arboris
1045 3921 1095 3975 iste
1107 3920 1163 3976 lnt-

374 4021 445 4075 etns,
466 4012 551 4064 malos
569 4010 669 4065 fruetus
684 4020 733 4064 εει.
748 4010 883 4064 Sententia
898 4010 1002 4064 Domini
1015 4020 1067 4073 est,
1083 4011 1164 4064 Arbor

374 4101 442 4154 urrato
455 4103 535 4156 riardus
550 4105 648 4172 fruetus
659 4103 730 4168 fucit.
748 4101 950 4172 Respondebis,
965 4112 995 4157 ul
1008 4103 1086 4157 istum
1107 4102 1162 4158 btt-

372 4203 444 4247 etum
458 4193 556 4248 bonum
567 4208 627 4247 esse
636 4193 818 4262 commendes,
832 4210 884 4248 non
897 4210 957 4248 eum
967 4194 1001 4250 de
1015 4197 1055 4249 illa
1068 4197 1164 4251 arlmro

374 4292 474 4336 tratum.
499 4282 557 4337 Non
572 4282 641 4336 eninr
657 4283 716 4352 qniu
735 4283 824 4338 neseis
839 4294 865 4336 tn
881 4284 951 4338 illam
966 4286 1088 4341 arborem
1103 4301 1162 4340 irta-

373 4372 435 4435 laam,
449 4372 508 4427 ideo
523 4388 575 4426 nou
590 4382 631 4427 est
645 4374 711 4426 neria
728 4392 733 4425 :
750 4383 824 4429 tauto
836 4383 878 4429 εει
892 4374 975 4444 pejor,
991 4385 1091 4445 quanto
1104 4392 1161 4432 trra·

372 4463 412 4532 pis
428 4465 573 4533 ignoratur.
592 4464 676 4518 Tamo
690 4465 760 4518 enirn
783 4467 867 4535 magis
890 4467 1045 4533 ignoratur,
1064 4477 1162 4538 quanto

373 4553 477 4623 perdita
487 4555 582 4609 astutia
597 4555 711 4609 occultat
726 4555 823 4611 letan
837 4572 923 4611 suunt.
942 4557 1006 4613 Nam
1020 4560 1041 4613 si
1055 4575 1162 4628 aperms

373 4646 476 4701 adalim
486 4657 567 4712 esset,
582 4647 624 4702 rel
637 4649 805 4702 cotrl'cssione
815 4649 941 4702 satiabilis
950 4659 1030 4705 esset.
1044 4652 1161 4708 Pessum

375 4739 466 4802 arbor,
481 4747 607 4795 ettamen
626 4756 688 4795 eree
699 4739 801 4796 lrnetus
813 4741 908 4796 bonus.
925 4743 1000 4798 Unde
1014 4757 1091 4800 natm
1103 4748 1114 4799 ι
1128 4765 1161 4801 ιιι

377 4829 446 4884 lorte
460 4847 512 4884 uon
526 4832 622 4885 natos?
636 4832 737 4897 Nauis,
754 4833 851 4902 inquis.
875 4834 971 4902 Quaero
992 4837 1064 4892 birds
1077 4858 1083 4891 :
1098 4841 1160 4909 quid

375 4921 494 4976 dicturus
507 4925 558 4978 es?
574 4923 647 4979 llnde
659 4935 786 4981 natusest
799 4928 868 4982 istel
883 4928 939 4985 Non
954 4937 996 4986 est
1007 4933 1069 5001 quid
1078 4933 1160 5000 dicat,

373 5012 434 5075 uisi,
451 5013 488 5068 De
501 5013 556 5068 beo
573 5033 579 5069 :
595 5017 685 5072 neseio
696 5028 782 5073 utrum
792 5018 863 5075 aliud
874 5020 993 5077 dicturos
1006 5033 1057 5091 εει,
1070 5040 1160 5095 quam,

374 5103 417 5159 Ex
432 5106 496 5161 ben.
512 5106 539 5162 Si
558 5107 607 5162 lme
618 5109 652 5163 de
665 5112 788 5166 ominbus
799 5111 910 5178 diceret,
931 5123 958 5169 ει
979 5131 1031 5170 non
1044 5133 1083 5185 se,
1100 5133 1160 5174 earm

370 5196 407 5250 sit
416 5197 495 5252 arbur
508 5199 586 5263 mala,
597 5199 719 5270 lingendo
729 5201 881 5258 ostenderet
891 5203 997 5271 boumn,
1011 5204 1162 5278 taceremne

371 5286 500 5357 pejorem,
513 5288 546 5344 de
558 5290 682 5344 omnibus
692 5291 791 5346 diceret
801 5293 871 5361 quod
885 5309 916 5348 ex
930 5294 984 5349 lieo
998 5309 1159 5363 nuscuntur:

370 5378 453 5433 lralret
468 5380 604 5452 Biarrgelii
617 5382 767 5438 evidentem
782 5387 941 5441 senteutiam
959 5406 964 5436 τ
980 5387 1056 5444 Dedit
1066 5392 1103 5444 aia
1116 5407 1161 5460 po·

372 5479 485 5527 testatem
500 5474 568 5544 filios
578 5472 627 5528 Dei
641 5476 707 5543 tisri,
723 5477 766 5546 qui
781 5494 830 5530 sou
850 5495 881 5531 rs
895 5496 980 5544 corne,
996 5497 1046 5535 troia
1060 5499 1092 5538 ec
1102 5500 1162 5538 surt-

369 5568 456 5638 qttirre,
471 5585 521 5622 raon
536 5568 705 5625 revelantate
720 5571 776 5631 uiri,
792 5588 871 5642 ireque
884 5589 916 5628 ec
929 5575 1054 5630 oolnrttote
1066 5579 1159 5643 cunis,

369 5660 413 5713 sul
427 5675 457 5715 er
474 5657 527 5714 Deo
543 5662 597 5715 uati
610 5672 673 5716 tunt
688 5660 775 5730 (toan.
790 5678 814 5718 t.
832 5664 882 5729 ts,
899 5666 953 5735 15).
970 5666 1040 5738 eqo
1057 5670 1111 5724 redi
1127 5672 1160 5725 sd

367 5751 447 5804 istum
464 5769 470 5803 :
487 5766 525 5806 ex
548 5752 603 5807 beo
623 5761 699 5808 nattis
721 5755 783 5808 est?
805 5754 843 5809 Es
869 5756 932 5810 ileo.
955 5759 1044 5823 erure
1063 5759 1112 5818 isle
1127 5776 1161 5818 ex

368 5842 445 5896 lieo?
465 5843 531 5910 Quia
546 5843 648 5898 lrnetns
662 5844 747 5898 bouus
760 5844 794 5901 de
810 5847 905 5902 arbore
925 5849 994 5903 stralo
1012 5854 1083 5905 trasei
1107 5868 1159 5908 aron

372 5933 467 6004 potnit.
490 5934 585 5988 Castus
601 5935 747 6004 baptizator
761 5939 840 5992 arltur
854 5939 921 5993 bona
936 5950 989 6005 est,
1007 5957 1058 5996 raon
1073 5953 1114 5998 est
1130 5945 1159 5996 lr-

369 6038 444 6092 ctus;
462 6042 522 6082 rore
536 6039 625 6082 castus
646 6028 794 6098 baptizarit,
810 6033 908 6087 linctus
920 6032 1005 6088 burms
1017 6035 1050 6090 de
1062 6038 1152 6103 arbor·

1039 609 1152 667 Sutsltu
1171 605 1294 664 certat.

1940 611 2009 666 lato

1217 720 1296 773 instra.
1315 723 1381 777 lit-ee
1395 733 1421 776 et
1440 724 1489 778 iste
1502 724 1601 777 tructas
1614 708 1715 785 inritus,
1729 722 1764 777 de
1783 738 1834 793 qua
1847 724 1943 781 arbore
1956 741 2007 780 oa-

1217 821 1258 866 tus
1272 816 1333 865 est?
1349 813 1394 868 llie
1407 813 1440 867 de
1453 814 1541 876 titula,
1557 815 1579 867 si
1599 813 1692 871 audes.
1714 812 1774 868 Non
1791 812 1893 880 tadeo,
1913 817 2006 885 inquit.

1216 903 1285 979 llrgo
1304 913 1331 957 ει
1351 905 1407 973 ipse
1427 905 1461 960 do
1480 905 1567 958 liqna?
1590 904 1721 958 bubona.
1738 903 1775 959 be
1794 919 1845 971 qua
1859 904 1948 960 bottul
1969 908 2006 963 Ex

1218 993 1281 1046 beta.
1297 994 1440 1063 llleqoid?
1455 995 1493 1049 Ει
1507 995 1614 1050 bomine
1624 1004 1709 1049 casto.
1722 992 1862 1051 Paululum
1878 994 1985 1053 intende
1998 1018 2006 1055 z

1217 1085 1397 1155 intelliguums
1406 1086 1476 1156 quod
1487 1086 1611 1141 dicimus.
1629 1086 1679 1141 iste
1693 1085 1728 1142 ab
1740 1085 1850 1144 bomine
1863 1096 1938 1142 costo
1961 1087 2009 1142 ba-

1216 1175 1339 1247 ptizatos,
1353 1192 1385 1229 es
1398 1176 1493 1229 arbore
1506 1176 1585 1241 britta,
1598 1176 1623 1230 id
1634 1185 1686 1239 cst,
1697 1193 1730 1231 cx
1741 1175 1850 1232 bomine
1864 1177 1945 1244 bono,
1961 1193 2010 1234 ua-

1216 1274 1260 1320 tus
1273 1275 1314 1320 est
1326 1265 1429 1320 lruclus
1442 1268 1535 1321 binms.
1554 1267 1601 1321 llle
1615 1266 1648 1322 ab
1660 1266 1782 1323 adnitere
1799 1268 1904 1323 occuito
1920 1268 2009 1335 bapti·

1216 1368 1300 1421 zatus,
1315 1375 1348 1413 er
1362 1360 1460 1413 arbore
1476 1359 1544 1414 mala
1568 1371 1645 1414 natos
1660 1368 1702 1416 est
1714 1359 1834 1427 fruetus,
1847 1360 1934 1432 quid?
1955 1361 2008 1417 bo·

1216 1465 1276 1504 rius.
1289 1451 1345 1504 Non
1360 1461 1448 1521 potest
1462 1451 1529 1506 lieri.
1545 1451 1572 1506 Si
1589 1451 1677 1507 bontas
1690 1460 1732 1505 est
1746 1449 1848 1509 truens
1864 1470 1871 1504 ε
1885 1465 1950 1521 ergo
1963 1467 2009 1507 ar·

1216 1543 1306 1598 berem
1323 1550 1405 1599 rursm.
1420 1541 1546 1598 Fructum
1560 1544 1643 1598 istum
1656 1543 1755 1599 bonam
1767 1557 1819 1598 eon
1825 1543 1918 1608 literis,
1932 1542 2008 1601 illurn

1217 1634 1352 1689 borniucm
1366 1635 1478 1702 malunt,
1489 1636 1551 1708 quia
1563 1635 1685 1690 occultus
1697 1635 1802 1697 adulter
1812 1647 1854 1692 est
1865 1652 1873 1690 ι
1885 1635 2010 1692 arborem

1217 1734 1290 1780 nauta
1312 1726 1373 1781 ltuie
1398 1726 1506 1782 [ructui.
1524 1725 1646 1794 llotari,
1671 1726 1760 1797 inquis
1774 1744 1782 1780 2
1797 1725 1859 1784 ideo
1875 1725 1949 1793 dni,
1967 1726 2010 1783 Bt

1218 1818 1281 1871 beo.
1296 1815 1355 1872 lani
1366 1831 1492 1887 compara
1507 1817 1573 1874 istos
1588 1818 1657 1874 duos
1666 1827 1745 1876 natos
1758 1838 1767 1874 a
1780 1819 1855 1877 illum
1867 1819 2010 1890 baptizarit

1214 1919 1304 1964 castus
1317 1907 1489 1976 tiramuscam
1505 1908 1578 1966 brine
1590 1910 1736 1982 baptizarit
1749 1910 1854 1969 adulter
1865 1911 1986 1969 occultus
1999 1927 2007 1965 ι

1216 1999 1297 2055 ilteex
1307 1999 1423 2071 Ιιιιιιιὶιιε,
1434 1999 1522 2058 ίειεει
1531 2000 1670 2058 θεοιιειιιε
1677 2011 1730 2058 εει.
1739 2002 1854 2059 Felicior
1861 2014 2011 2073 erqonatus

1215 2099 1257 2142 cst
1266 2105 1299 2145 ει
1311 2089 1435 2166 adultero
1447 2090 1564 2158 occulto,
1577 2106 1657 2162 quam
1670 2092 1714 2149 ille
1727 2102 1845 2150 exemto
1854 2093 2008 2151 manifesto.

1250 2180 1277 2235 8.
1297 2179 1340 2233 b'x
1358 2177 1468 2237 dentatis
1486 2182 1634 2252 etdpotloli
1653 2181 1733 2236 uerbis
1751 2181 1901 2238 Donatistae
1918 2182 2009 2237 redar-

1214 2271 1278 2340 quit.
1299 2270 1392 2326 llclios
1414 2286 1478 2342 ergo
1489 2270 1621 2329 loannem
1643 2273 1737 2341 audis,
1752 2289 1769 2329 o
1784 2274 1926 2340 buretiee3
1949 2292 2008 2333 rue·

1214 2363 1265 2419 lius
1277 2366 1352 2420 audis
1367 2381 1558 2435 precursorem
1572 2382 1695 2423 recursor
1705 2370 1732 2433 ¹;
1751 2369 1847 2425 inelius
1863 2369 1939 2424 audis
1958 2369 2009 2424 bu·

1215 2455 1323 2520 rudem,
1345 2471 1363 2510 o
1382 2456 1514 2526 superum
1535 2458 1630 2512 melios
1654 2458 1730 2523 tudls
1755 2459 1891 2514 lucernam
1910 2460 2008 2515 arden·

1217 2557 1287 2611 tem,
1303 2561 1320 2601 o
1335 2546 1442 2601 lucerna
1457 2549 1597 2603 exstincta.
1614 2548 1683 2602 Audi
1696 2548 1844 2613 loannem,
1861 2565 1921 2605 eum
1935 2553 2009 2605 uerti·

1215 2647 1289 2693 ratur
1309 2637 1342 2692 od
1360 2654 1437 2694 etim:
1459 2640 1536 2704 ‹quo
1552 2640 1658 2710 quidem
1676 2639 1782 2710 luptiao
1799 2655 1846 2695 ιοε
1860 2641 1885 2695 iu
1903 2656 2005 2713 aquo.»

1216 2728 1251 2784 Et
1265 2739 1291 2783 tn
1302 2771 1310 2797 ,
1321 2730 1343 2784 si
1358 2718 1383 2786 t'e
1396 2745 1525 2801 aqrsoseas
1535 2772 1542 2796 ,
1554 2730 1676 2787 minister
1688 2746 1718 2787 es
1730 2747 1816 2803 aqoae.
1836 2751 1846 2784 ι
1861 2732 1925 2804 Ego,
1942 2753 1952 2786 ι
1969 2734 2009 2788 iu·

1216 2822 1292 2890 quit,
1310 2822 1440 2891 «baptiso
1454 2838 1502 2877 ros
1519 2822 1545 2877 in
1559 2837 1644 2892 aqna;
1658 2823 1703 2893 qui
1720 2823 1808 2878 reniet
1827 2832 1935 2890 autem,
1950 2841 2009 2878 nm-

1212 2913 1257 2982 jor
1269 2930 1311 2968 me
1320 2924 1370 2969 est.
1387 2932 1397 2966 ι
1413 2913 1548 2983 Quantum
1558 2917 1643 2986 major
1656 2923 1682 2971 te
1693 2915 1753 2973 est?
1770 2934 1779 2967 ι
1793 2914 1875 2985 Cru'us
1886 2932 1938 2972 non
1949 2931 2008 2970 sruu

1216 3002 1312 3074 diguus
1324 3004 1468 3074 corripiant
1484 3006 1657 3060 calceamenti
1673 3007 1790 3063 soluere.
1805 3024 1814 3058 r
1830 3006 1962 3074 Quartum
1980 3022 2009 3060 so

1217 3095 1409 3163 humiliarensi
1423 3112 1452 3152 se
1465 3097 1573 3168 dignum
1586 3096 1704 3155 diceret?
1713 3097 1751 3154 ue
1765 3097 1817 3155 boe
1828 3097 1934 3169 quidem
1942 3098 2007 3152 dixit

1215 3185 1326 3256 dignum
1340 3201 1370 3238 sc
1383 3201 1461 3253 esse,
1476 3187 1616 3258 corripiam
1631 3188 1805 3244 calceamenti
1818 3188 1933 3243 solvere.
1949 3185 2010 3257 lpu

1216 3277 1306 3346 estqui
1319 3276 1431 3347 baptizat
1443 3278 1471 3332 iu
1483 3277 1584 3351 Spiritu
1596 3278 1767 3351 roucto(buc.
1781 3295 1821 3344 ιιι,
1838 3279 1882 3342 ld,
1892 3289 1915 3333 et
1928 3278 2007 3333 lanu.

1216 3387 1235 3436 r,
1251 3369 1296 3436 ιι,
1313 3372 1370 3442 55).
1385 3370 1453 3443 Quid
1469 3381 1495 3428 te
1515 3387 1564 3441 pro
1576 3371 1682 3428 Cbristo
1696 3372 1842 3443 supponis?
1857 3370 1917 3443 lpu
1927 3370 2010 3442 lapti-

1216 3471 1257 3514 zut
1270 3463 1296 3516 in
1312 3463 1410 3532 Spiritu
1423 3473 1520 3518 teneto.
1534 3463 1605 3534 Ergo
1619 3463 1677 3533 ipse
1686 3462 1824 3532 tutificat.
1837 3462 1877 3518 Tu
1888 3461 1953 3534 quid
1965 3461 2008 3518 dt-

1215 3553 1271 3608 cist
1283 3554 1337 3623 Ego
1349 3554 1453 3624 baptizo
1467 3555 1493 3611 in
1504 3554 1605 3625 Spiritu
1616 3564 1718 3614 sancto.
1730 3570 1780 3625 eqo
1791 3555 1919 3625 justifico.
1929 3554 2009 3610 Certe

1217 3660 1270 3697 nou
1286 3644 1369 3710 dicis,
1386 3644 1442 3710 ugo
1456 3659 1515 3699 som
1528 3644 1670 3700 Christus?
1684 3645 1763 3700 Certe
1781 3659 1834 3699 non
1847 3659 1877 3701 es
1892 3643 1927 3700 de
1939 3645 2007 3709 illis,

1216 3733 1356 3803 dequibus
1369 3733 1467 3789 dictum
1480 3744 1537 3801 est,
1554 3735 1632 3790 llnlti
1644 3736 1740 3790 venient
1752 3736 1778 3789 iu
1793 3737 1893 3791 etimne
1905 3752 1959 3790 rrreo
1970 3740 2009 3788 ιιι·-

1216 3834 1309 3888 reutrs,
1321 3821 1377 3893 Epo
1390 3841 1447 3878 saut
1459 3822 1572 3882 Christus
1585 3824 1692 3894 (Metti.
1706 3841 1779 3890 xxiv,
1790 3825 1838 3896 Sl?
1851 3824 1950 3897 tbrptus
1959 3842 1988 3880 es
2001 3846 2007 3879 ε

1216 3923 1295 3985 atque
1311 3915 1410 3970 utinam
1431 3916 1472 3969 rel
1494 3922 1587 3986 mptirs
1606 3916 1765 3981 inveniaris,
1787 3917 1830 3985 qui
1846 3932 1898 3972 nou
1916 3927 2009 3985 eapms

1217 4007 1344 4074 perieras.
1360 4007 1461 4060 bonrum
1475 4017 1515 4062 est
1529 4008 1563 4063 ad
1580 4023 1668 4063 escam
1684 4009 1771 4078 magui
1788 4010 1856 4078 regis
1870 4011 1928 4083 capi
1945 4011 2008 4064 reti·

1216 4098 1266 4154 bus
1281 4099 1409 4154 rer-tratis.
1427 4099 1486 4154 Noli
1501 4115 1566 4171 erqo
1575 4100 1631 4173 jam
1643 4100 1743 4166 dicere,
1756 4103 1810 4173 ligo
1822 4104 1947 4174 justitiet,
1960 4118 2009 4170 equ

1216 4191 1354 4244 sanctilieo
1369 4210 1375 4245 :
1393 4207 1426 4247 no
1440 4193 1607 4249 emnincaris
1620 4194 1719 4263 dicere,
1737 4195 1792 4266 Ego
1805 4210 1862 4251 som
1877 4197 2007 4252 Cirristus.

1218 4281 1269 4337 llic
1284 4284 1370 4354 potius
1385 4284 1456 4353 qnod
1472 4284 1574 4340 amicus
1587 4286 1696 4356 sponsi,
1714 4303 1766 4341 raon
1779 4287 1824 4357 qui
1844 4295 1870 4342 tc
1882 4287 1949 4342 uelis
1964 4287 2006 4357 jn·

1214 4384 1288 4429 ctare
1301 4391 1349 4447 pro
1361 4390 1461 4444 sponso
1477 4394 1484 4430 ε
1502 4375 1589 4448 Neque
1600 4378 1644 4446 qai
1654 4379 1751 4451 ploratu
1763 4387 1798 4434 est
1809 4378 1916 4448 aliquid,
1930 4394 2010 4447 ireque

1215 4466 1259 4535 titii
1272 4465 1338 4542 riqot
1346 4484 1356 4532 ,·
1369 4467 1413 4520 sed
1425 4468 1468 4536 qui
1479 4467 1659 4524 incrementum
1673 4469 1717 4524 dot
1733 4468 1800 4526 beas
1815 4469 1835 4541 (1
1848 4469 1907 4526 Cor.
1919 4485 1958 4536 ut,
1969 4471 2007 4541 i).

1215 4557 1284 4610 liridi
1297 4559 1376 4611 etiam
1391 4568 1418 4614 et
1430 4560 1526 4629 ipsum,
1538 4559 1573 4617 de
1587 4575 1639 4632 qno
1652 4562 1765 4632 agimus,
1776 4563 1890 4618 amicum
1904 4565 2006 4630 sperni.

1215 4648 1294 4702 tlt-rte
1303 4660 1363 4702 eum
1376 4648 1482 4706 ttrrtsta
1494 4653 1568 4721 quasi
1582 4651 1725 4721 discipulos
1738 4651 1862 4719 lubebat,
1873 4663 1899 4708 et
1908 4652 2008 4706 Citristi

1215 4742 1363 4814 discipulus
1376 4758 1428 4815 nou
1439 4753 1497 4798 erat
1508 4762 1515 4798 ε
1527 4745 1588 4800 andi
1603 4746 1677 4801 illuni
1690 4745 1861 4802 confitentem
1871 4762 1900 4802 se.
1910 4746 2006 4804 Cltristi

1216 4836 1385 4904 discipulum.
1410 4835 1475 4891 l'ide
1496 4837 1567 4892 illont
1589 4839 1657 4893 inter
1677 4837 1775 4893 Christi
1795 4838 1957 4910 discipulus,
1982 4852 2007 4894 ει

1216 4936 1290 4980 tanto
1302 4927 1460 4991 certiorem,
1474 4937 1574 4999 qttanto
1588 4927 1774 4994 transitionem
1796 4938 1869 4993 ιειιιο
1882 4928 2007 4985 bumilia-

1215 5032 1289 5078 rem,
1313 5026 1412 5087 quanto
1431 5013 1569 5090 traajorem.
1593 5015 1659 5075 tite
1678 5017 1751 5074 illurn
1774 5015 1914 5074 facientem
1936 5021 2006 5089 quod

1214 5109 1342 5178 scriptum
1357 5117 1414 5174 est,
1433 5108 1533 5174 Quanto
1556 5124 1661 5178 urnqruu
1675 5125 1718 5171 ea,
1735 5120 1804 5164 ιειιιο
1824 5110 2006 5167 inutiliorem

1215 5200 1338 5265 cotidiae,
1348 5207 1372 5254 et
1382 5216 1467 5254 coram
1483 5197 1537 5256 Deo
1549 5200 1657 5257 inueniet
1668 5202 1776 5274 qratiam
1790 5201 1884 5274 (Ereti.
1900 5219 1937 5270 ut,
1947 5205 2006 5274 db).

1214 5291 1272 5348 lam
1287 5292 1364 5354 dixit,
1381 5289 1443 5345 Nou
1457 5307 1514 5345 rem
1528 5291 1620 5362 eliquat
1634 5293 1769 5367 corripiare
1782 5295 1945 5360 εειεεεειειιι·
1955 5298 2007 5353 εει-
2098 5363 2100 5365 ,

1214 5400 1271 5440 rere
1281 5401 1290 5438 .·
1301 5383 1348 5440 sed
1363 5399 1415 5438 iton
1428 5382 1456 5438 iu
1468 5382 1519 5438 boe
1531 5397 1561 5439 se
1570 5382 1729 5454 discipulum
1741 5384 1942 5444 demnatstravit.
1956 5387 2006 5456 Qui

1215 5475 1247 5528 de
1260 5476 1332 5541 colo,
1349 5474 1444 5546 inquit,
1460 5473 1536 5542 uuit,
1546 5491 1622 5544 saper
1633 5490 1721 5529 orum
1732 5486 1768 5532 ert
1783 5474 1873 5547 (loun.
1887 5495 1927 5544 tu,
1939 5478 1984 5549 51)
1999 5498 2005 5537 ;

1216 5575 1356 5621 »rotantem
1368 5580 1454 5620 onnes
1466 5563 1499 5619 de
1515 5564 1670 5635 ploritadiur
1683 5565 1739 5636 eju
1752 5567 1894 5637 εεεερίιιιιιε
1909 5565 1963 5637 (tt.
1980 5584 2005 5632 ι,

1217 5656 1271 5728 lo).
1282 5655 1388 5727 Ergoot
1398 5656 1455 5726 ipse
1465 5654 1687 5725 interdiseipulos
1697 5664 1764 5723 erat,
1774 5657 1818 5727 qui
1828 5672 1890 5714 curu
1900 5658 2007 5715 Christo

1214 5747 1357 5817 discipulos
1377 5746 1528 5818 eolligunt.
1545 5745 1614 5801 ludi
1633 5747 1750 5817 apertius
1768 5746 1894 5805 luentem
1915 5765 1945 5806 εε
1964 5753 2004 5806 dt·

1215 5839 1344 5908 sulpitium
1363 5855 1369 5891 :
1387 5837 1438 5903 Qui
1456 5839 1529 5893 tabet
1549 5854 1687 5909 sponsam,
1709 5855 1817 5909 sponsus
1836 5850 1890 5906 ert:
1911 5843 2012 5897 antri«

1213 5944 1295 5985 orateur
1309 5932 1396 6001 sponsi
1414 5941 1480 5993 stat,
1495 5941 1519 5984 et
1535 5930 1606 5984 uadit
1620 5947 1676 5985 eunt
1689 5928 1744 6000 (ld.
1763 5947 1808 5995 nt,
1824 5930 1882 6004 29).
1899 5931 1931 5990 El
1947 5932 2007 5990 ideo

1246 6050 1252 6080 t
1267 6046 1325 6109 ιἰιι
1338 6080 1345 6096 .
1358 6058 1503 6109 ιιιεειιεε.
1517 6052 1544 6097 ιιι
1555 6045 1667 6110 plerique
1678 6051 1744 6110 tiss,
1754 6057 1881 6100 ramur.
