4759 6684
331 662 389 705 nus
401 643 538 717 generatio
550 656 609 712 que
621 641 656 696 ibi
667 638 771 696 excedit
783 634 1019 709 quadragenarium
1034 647 1127 687 ιιιιιιιι-

329 753 405 805 rant,
417 737 460 792 rel
481 751 535 790 uoti
550 733 687 803 impediat,
710 731 785 785 sicuti
802 728 907 799 triginta
928 725 965 780 illi
989 724 1058 777 anai·
1075 739 1127 777 iton

330 828 484 900 impediunt
504 825 755 896 quadringentorum
780 819 989 891 perlectionem3
1012 816 1052 868 rel
1080 813 1131 868 boe

331 923 416 977 etism
436 921 492 990 ipsa
513 917 652 988 significet,
667 914 729 984 quia
743 914 800 983 ipse
821 911 949 966 Dominus
968 922 1021 978 qno
1037 907 1131 975 juncto

331 1012 402 1069 lium
414 1010 589 1081 qiradraginta
605 1022 702 1073 auram,
717 1005 751 1059 ita
764 1001 902 1058 deseendit
919 998 952 1054 ad
966 999 1034 1052 banc
1051 996 1130 1051 vitam

333 1111 490 1175 portaturus
506 1109 613 1170 peecata
627 1105 728 1159 uestra,
743 1103 771 1147 ut
785 1103 871 1147 tamen
887 1092 921 1145 ab
934 1090 983 1144 bac
995 1088 1058 1153 rita,
1071 1100 1132 1156 pre·

333 1193 394 1262 prio
408 1201 434 1247 et
443 1188 570 1260 singulari
581 1186 746 1248 excellentia,
759 1198 810 1253 qaia
822 1183 855 1235 ita
868 1180 948 1234 bomo
960 1189 1001 1234 cst
1011 1188 1039 1232 ut
1051 1177 1131 1231 ctiam

335 1283 408 1338 beas
422 1280 467 1348 sit,
482 1279 631 1334 investiatur
643 1284 779 1344 exceptus.
795 1273 832 1327 lle
845 1271 896 1326 boc
914 1270 984 1324 enim
998 1269 1055 1322 solo
1067 1267 1133 1321 diei-

321 1285 391 1452 Ror,
408 1371 480 1444 qaod
501 1370 535 1426 de
557 1368 630 1423 uallo
650 1367 758 1420 bomine
781 1371 884 1427 sancto,
906 1359 1069 1431 quantalibet
1087 1373 1132 1413 sa·

329 1463 439 1535 ‘pientia
457 1461 613 1533 justitiaque
630 1456 758 1528 perlecto,
772 1455 823 1510 dici
842 1454 928 1523 potuit
948 1460 994 1506 aut
1013 1450 1130 1521 peterit:

339 1552 453 1608 Verbum
466 1569 525 1607 caro
537 1555 630 1622 sactum
646 1558 682 1602 est
696 1545 786 1617 (toan.
799 1561 817 1609 ι,
832 1541 888 1615 tt).

374 1662 487 1720 carot
505 1659 601 1716 xxiii.
611 1689 647 1700 -
660 1659 703 1714 33.
719 1656 770 1712 Cur
787 1654 958 1728 generationes
974 1651 1134 1723 septuaginta

333 1761 564 1826 septemnarium
589 1750 681 1805 Lucas.
710 1749 795 1804 lateas
816 1754 904 1802 autem
926 1740 971 1814 uui
998 1760 1030 1799 ex
1048 1742 1133 1812 bapti·

335 1860 399 1902 suto
421 1844 525 1899 Domini
546 1858 594 1912 per
613 1841 799 1912 generationes
819 1836 1135 1905 aseendit,septaagena-

267 1974 270 1978 -
335 1937 410 1993 riam
424 1944 450 1992 ct
472 1934 616 2006 septimum
641 1946 781 1986 nnmerum
808 1928 934 1998 complet,
956 1927 1084 2007 irteipiens
1099 1926 1134 1980 ab

258 2092 263 2099 ‚
336 2026 399 2095 ipso
420 2024 534 2080 unnim
547 2031 638 2077 nostro
657 2022 719 2077 lesu
733 2020 840 2075 Christo
859 2033 906 2087 per
924 2016 1022 2086 insepb
1039 2030 1134 2070 asceu-

336 2116 416 2184 dere,
427 2126 454 2171 et
466 2115 625 2186 perveniens
637 2113 671 2167 ad
685 2113 767 2167 ileum
785 2126 832 2180 per
846 2108 930 2163 Adam
944 2123 951 2160 :
966 2107 992 2162 id
1007 2116 1062 2172 est,
1073 2107 1134 2175 quis

337 2209 367 2263 io
382 2207 435 2263 boc
456 2221 568 2262 numero
588 2204 697 2259 abolitio
720 2201 883 2272 significatur
905 2198 1022 2253 earnium
1046 2211 1135 2267 pecca·

338 2306 439 2366 teram,
455 2314 514 2370 quae
536 2299 565 2352 ttt
588 2297 614 2350 in
638 2295 784 2366 baptismo,
809 2307 862 2345 raon
881 2291 941 2360 qaia
956 2290 1005 2360 ipsi
1022 2290 1135 2344 bertuino

247 2440 252 2453 .
338 2400 400 2447 erat
410 2389 480 2461 ‹puotl
491 2389 517 2442 in
533 2388 665 2456 baptismo
680 2384 875 2447 diuutteretur;
891 2381 937 2436 sed
953 2380 1013 2450 qttia
1023 2394 1070 2434 sua
1083 2378 1135 2433 lua·

339 2482 454 2536 militate
464 2479 527 2549 urard
540 2479 615 2533 arabis
625 2486 697 2532 esset
705 2475 769 2529 utile
781 2470 987 2528 commendarit.
1000 2470 1034 2524 Et
1043 2485 1136 2540 qnam·

337 2574 382 2627 sis
395 2579 466 2628 esset
485 2569 549 2624 illud
568 2567 727 2638 baptismam
742 2565 869 2626 loannis:
885 2564 911 2617 iu
926 2578 958 2619 eo
973 2571 1060 2616 tamen
1074 2576 1136 2616 seu·

338 2635 718 2730 stuntairappuaurauus
738 2655 823 2711 Patris
845 2662 872 2710 et
894 2654 953 2709 uta
976 2661 1003 2707 et
1021 2652 1135 2723 speruus

337 2752 438 2818 atreb,
457 2765 509 2821 qua
529 2756 699 2805 otnseeratns
713 2756 754 2801 est
766 2746 848 2815 ipsius
860 2744 956 2801 Christi
975 2743 1134 2813 baptismus,

340 2857 397 2914 qao
407 2839 556 2911 baptizandi
568 2847 644 2911 eraut
659 2836 737 2892 loturi
749 2834 891 2891 Christiani
907 2852 914 2887 :
930 2834 1018 2900 Pater,
1032 2834 1058 2888 in
1072 2847 1137 2889 voce

338 2947 404 3003 quae
416 2931 483 2986 laeta
498 2939 539 2984 cst
548 2929 582 2985 de
594 2928 680 2994 coelo;
696 2927 789 2993 Filius,
801 2927 828 2980 in
840 2926 896 2996 ipso
914 2925 1023 2981 bomine
1037 2923 1135 2979 lledia-

339 3031 400 3078 aare
409 3039 418 3087 ;
428 3020 542 3091 Spiritus
551 3029 669 3086 sanetus,
681 3019 708 3073 in
719 3017 840 3074 columba
854 3017 1009 3090 (blattam,
1024 3017 1066 3084 to,
1079 3015 1135 3088 li).

380 3112 428 3168 tit.
454 3108 563 3166 Numeri
579 3111 738 3181 scmunpiuta
751 3119 846 3178 septem
864 3107 1031 3178 significatus.
1050 3105 1137 3172 Quare

338 3209 431 3257 sutem
453 3201 670 3271 septuagenarius
694 3209 721 3254 et
743 3200 872 3267 septimus
895 3213 1022 3252 rattmerus
1044 3195 1134 3251 outnia

339 3301 452 3364 peecata
465 3291 670 3360 contineatque
684 3290 853 3345 dimittuntur
866 3290 892 3343 in
914 3289 1060 3359 baptismo,
1079 3288 1137 3343 liae

341 3384 489 3454 probabilis
502 3384 568 3437 ratio
582 3382 685 3437 ridetur
700 3397 858 3447 occurrere;
872 3382 933 3452 qnia
946 3380 1071 3436 denarius
1084 3397 1135 3435 mt-

341 3488 434 3531 tuerus
458 3473 648 3546 perfectionem
674 3473 755 3526 babet
771 3472 880 3541 justitiae
904 3482 932 3527 et
957 3470 1135 3538 beatitudiuis,

339 3583 403 3625 cum
418 3567 568 3637 septenaria
583 3575 704 3620 creatura
718 3563 852 3618 Creatoris
867 3562 979 3618 iuberet
993 3562 1134 3619 Trinitatis

342 3656 414 3712 aude
425 3656 506 3711 etiam
520 3654 662 3724 decalogus
675 3652 752 3723 begis
765 3654 791 3708 in
808 3652 901 3707 tleccro
918 3652 1057 3722 praecptis
1071 3668 1136 3706 enn-

341 3753 464 3801 secutas
481 3751 532 3799 est.
548 3742 735 3813 Transgressio
756 3750 845 3795 autem
869 3741 969 3795 tleuarii
992 3741 1137 3796 undenario

342 3850 456 3890 numero
479 3833 642 3904 signiticatar
663 3850 670 3886 :
688 3841 715 3889 et
740 3833 893 3903 intelligitur
917 3843 1054 3901 peecatum
1078 3848 1137 3888 csse

342 3920 617 3996 transgressio,'eum
638 3923 736 3994 aliquid
759 3923 873 3991 amplius
894 3923 975 3978 bomo
997 3933 1136 3992 aputeteus,

340 4014 452 4085 justitia
471 4015 589 4084 regulam
606 4014 720 4070 excedit.
738 4012 812 4069 Unde
825 4023 852 4069 et
865 4013 1003 4068 avaritiam
1022 4013 1136 4068 radicem

342 4105 465 4160 omnium
482 4105 612 4165 malomm
626 4103 688 4159 dicit
702 4105 844 4175 Apostolus
859 4104 879 4174 (1
899 4103 966 4157 Tim.
987 4121 1021 4169 u,
1036 4104 1090 4177 ιθ).
1105 4106 1139 4161 Ει

343 4194 468 4249 animoa
483 4194 538 4250 Deo
550 4193 700 4263 luruieauti,
715 4208 747 4248 cx
767 4193 886 4263 ejastlem
902 4193 1005 4249 Domini
1025 4209 1138 4263 persona

342 4284 442 4341 ‹beitar
457 4302 464 4340 :
479 4284 610 4356 Sper-abas
630 4285 654 4340 si
676 4300 691 4339 a
712 4299 755 4339 me
774 4285 953 4351 discessisses,
968 4283 1067 4354 aliquid
1080 4300 1139 4338 atn-

342 4378 414 4449 plias
438 4387 464 4432 te
487 4376 646 4433 babituram.
668 4375 735 4442 Quia
759 4391 822 4447 ergo
844 4377 1091 4445 transgressionem,
1112 4376 1137 4431 id

343 4478 386 4524 est
399 4477 537 4540 pccruum
553 4467 586 4522 ad
601 4483 630 4522 se
643 4469 729 4537 ipsum
742 4466 821 4521 relert
836 4467 880 4536 qrri
894 4475 995 4535 peccat,
1012 4467 1071 4536 qiua
1086 4468 1139 4536 pri·

344 4567 408 4611 rato
425 4557 540 4628 parotium
556 4573 604 4610 suo
624 4556 708 4610 laetari
725 4556 798 4620 vult;
820 4556 887 4610 ttntle
907 4557 1139 4625 reprebemluntur

343 4649 426 4702 etiam
448 4646 493 4716 qui
514 4661 560 4699 sua
579 4655 711 4715 (praeerunt,
727 4662 778 4722 arip
794 4662 852 4714 apuae
871 4645 933 4699 lesu
948 4646 1043 4699 Christi
1061 4645 1138 4717 (Piti-

344 4739 412 4810 lipp.
435 4755 463 4803 u,
476 4737 534 4805 dl),
550 4746 576 4792 et
593 4737 713 4791 taudem
726 4736 842 4792 cltaritas
863 4752 915 4790 ιιιιιι
935 4752 1057 4806 (perurens
1080 4753 1139 4806 quas

344 4847 395 4885 sua
408 4840 470 4885 stant
492 4829 513 4901 (l
527 4829 586 4883 Cor.
602 4845 658 4894 xnr,
672 4830 699 4899 5)
717 4847 723 4881 :
745 4841 883 4897 propterea
904 4829 961 4897 ipae
981 4828 1140 4883 armentarius

345 4937 477 4977 utrarierns
501 4938 553 4991 ιμιο
579 4921 742 4990 signiticatur
765 4921 950 4988 transgressio,
977 4935 1028 4972 ιιιιιι
1051 4919 1139 4973 decies

345 5011 548 5082 utatltiplicatar,
560 5011 606 5065 secl
616 5011 725 5079 septies,
739 5022 764 5063 et
776 5011 840 5062 liunt
850 5009 1015 5078 septuaginta
1025 5018 1137 5077 septem.

344 5102 406 5160 Nou
426 5103 496 5156 euim
517 5101 550 5154 atl
574 5099 724 5154 Citritlitoris
742 5099 909 5162 Trinitatem,
931 5098 976 5153 sed
999 5099 1031 5152 ael
1056 5100 1139 5168 ipsam

345 5206 509 5260 creaturam,
524 5193 614 5258 idest,
628 5193 660 5246 atl
681 5195 765 5262 ipsum
779 5191 911 5265 bominem
927 5192 1040 5259 pertinet
1052 5201 1139 5243 tums-

345 5287 460 5358 giessio,
474 5300 553 5355 quun
567 5291 713 5338 creaturam
735 5284 899 5351 septenarius
914 5297 1039 5334 nanterus
1052 5292 1141 5335 osteu-

346 5377 399 5431 dit.
424 5375 486 5428 Tria
507 5383 616 5446 prepter
638 5373 766 5437 animum,
789 5373 831 5424 ubi
853 5384 892 5425 est
913 5371 1032 5440 tpttaerlarn
1055 5372 1141 5440 irnagn

346 5465 490 5523 Trinitatis
504 5465 653 5529 Creatoris3
668 5463 703 5516 ibi
717 5462 787 5516 euim
803 5462 882 5515 boum
895 5462 927 5513 ari
942 5462 1081 5530 imaginem
1095 5460 1140 5513 lici

346 5557 437 5612 lactus
449 5563 507 5609 est:
521 5563 546 5608 et
559 5563 671 5622 quatuor
681 5561 788 5622 propter
800 5566 906 5620 eorpus.
917 5551 1058 5605 Notissima
1069 5551 1139 5604 enim

346 5654 413 5702 satu
427 5656 540 5717 otrataer
555 5642 696 5712 primordia
709 5642 805 5713 <paribus
817 5657 914 5711 ettrpns
928 5650 1041 5695 constat.
1056 5641 1087 5695 Et
1099 5641 1140 5694 cui

346 5747 413 5794 uota
434 5752 487 5790 uon
507 5743 577 5798 suut,
592 5743 680 5804 potest
698 5733 773 5789 laeile
791 5732 929 5787 aduertere
947 5733 1031 5800 ipsum
1045 5745 1142 5798 corpus

347 5828 455 5893 ιιιιιιιιιί,
476 5830 502 5882 in
526 5843 579 5896 ouo
599 5841 695 5896 corpas
718 5834 836 5878 nostrum
860 5839 905 5894 per·
927 5823 983 5877 laea
1009 5829 1138 5888 moretur,

346 5931 466 5993 qraataar
485 5918 584 5974 babere
603 5918 675 5988 qarasi
693 5917 851 5989 principales
865 5925 962 5985 partes,
978 5928 1046 5985 qaas
1061 5915 1139 5971 etiam

1067 521 1182 578 scotto
1202 521 1255 577 bil.

1518 416 1533 441 Ι

1921 520 1974 577 bii

1184 633 1320 702 Scriptura
1342 630 1429 686 diviua
1447 631 1553 687 assidue
1573 637 1773 698 commemorat,
1794 626 1929 686 Orientem
1943 639 1970 685 et

1184 727 1366 788 Occidentem,
1382 723 1553 780 llcridiauum
1566 733 1594 778 et
1607 724 1774 793 benilonem.

1219 818 1332 874 carui
1351 817 1447 872 xxiv.
1461 817 1540 870 —Et
1554 817 1678 886 quinariam
1702 823 1807 884 peceato
1827 815 1868 869 rel
1886 815 1978 868 animo

1185 912 1261 976 linet,
1275 913 1345 966 sieut
1357 911 1383 965 iu
1399 912 1455 966 sola
1467 911 1620 974 rolnrttate;
1635 909 1677 963 rel
1687 909 1766 962 etiam
1781 907 1905 979 operibns
1918 921 1979 960 cor·

1184 1003 1267 1073 poris,
1277 1002 1331 1072 jam
1344 1002 1482 1056 risibilitcr
1496 1018 1502 1054 :
1518 1009 1655 1070 propterea
1671 1001 1752 1053 alrnos
1767 998 1897 1067 propbeta
1912 997 1979 1050 assi·

1184 1091 1237 1146 due
1250 1099 1442 1146 corumemorat
1467 1090 1549 1144 Deum
1571 1090 1716 1143 minantem
1735 1104 1766 1143 ae
1787 1089 1929 1152 dicentem,
1945 1084 1979 1140 ln

1185 1185 1263 1238 tribus
1284 1193 1307 1237 ct
1324 1193 1432 1254 quatuor
1449 1182 1618 1250 impietatibus
1636 1198 1685 1234 nort
1704 1179 1837 1234 aeersnber
1855 1179 1942 1250 (Aratus
1968 1195 1976 1231 ι

1185 1284 1212 1331 et
1227 1273 1267 1346 u),
1282 1275 1373 1341 idest,
1389 1289 1441 1328 nou
1463 1274 1646 1328 dissimulabo.
1663 1272 1769 1338 Tribus,
1788 1284 1896 1342 propter
1917 1273 1977 1326 ani-

1185 1364 1222 1418 mi
1232 1378 1239 1427 ;
1251 1371 1374 1433 quatuor,
1389 1371 1497 1433 propter
1509 1364 1628 1432 corporis
1641 1371 1763 1416 naturam
1779 1379 1785 1414 :
1800 1363 1896 1431 quibus
1910 1361 1978 1415 dno-

1185 1453 1236 1510 bus
1250 1456 1330 1510 bomo
1344 1464 1458 1511 constat.

1220 1545 1265 1600 35.
1281 1545 1422 1616 scripture
1446 1544 1571 1617 qtroatode
1597 1544 1718 1615 legende.
1744 1544 1834 1613 ltauac
1855 1543 1978 1598 anamim

1186 1636 1296 1704 septies,
1309 1636 1379 1690 sicut
1397 1636 1496 1691 dictam
1515 1642 1567 1701 est,
1583 1634 1759 1705 transgressio
1771 1633 1879 1702 justiti-e
1900 1635 1980 1687 relata

1188 1725 1222 1779 ad
1244 1725 1377 1779 bominem
1400 1735 1565 1796 peecatorem
1586 1724 1650 1779 iacit
1663 1739 1801 1779 nanterum
1816 1726 1981 1793 septuaginta

1186 1824 1376 1886 septemque
1400 1825 1507 1885 peecata
1528 1815 1617 1871 emnia
1636 1815 1767 1871 contineri
1789 1816 1979 1886 significantur,

1186 1921 1246 1976 que
1272 1921 1321 1976 per
1343 1907 1505 1977 baptismum
1532 1906 1711 1961 dimittuntur.
1737 1904 1813 1961 Unde
1828 1905 1913 1959 Lucas
1935 1921 1981 1975 per
2050 1911 2059 1927 ·

1186 1997 1352 2066 septuaginta
1374 2006 1476 2068 septem
1495 1998 1680 2067 generationes
1699 1997 1819 2051 ascendit
1830 1996 1863 2050 ad
1880 1997 1980 2061 benum

1187 2088 1330 2142 ostendeus
1345 2088 1510 2143 reconciliari
1525 2089 1660 2143 bominem
1675 2088 1730 2143 Deo
1744 2103 1791 2158 per
1808 2086 1980 2141 abolitionem

1186 2179 1305 2232 omnium
1317 2189 1496 2248 peccatorum.
1514 2179 1577 2234 lude
1590 2180 1646 2250 ipse
1660 2181 1787 2234 Dominus
1802 2181 1881 2234 Petro
1897 2181 1980 2234 inur-

1187 2269 1288 2339 roganti
1302 2270 1405 2339 quotics
1419 2269 1492 2324 iratri
1503 2270 1599 2325 debeat
1613 2271 1751 2341 ignoscere
1767 2289 1773 2323 ε
1788 2270 1852 2324 Dico
1870 2272 1923 2334 tibi,
1939 2273 1980 2324 in·

1187 2359 1255 2428 quit,
1271 2376 1321 2413 ιιοιι
1340 2360 1440 2429 septies,
1460 2361 1504 2414 scd
1523 2377 1601 2430 usqrte
1615 2361 1860 2432 septuagiessepties
1875 2360 1980 2429 (llrattb.

1188 2467 1263 2518 xrtrt,
1282 2451 1340 2520 22).
1358 2453 1425 2506 Etsi
1442 2452 1505 2522 quid
1522 2453 1594 2506 alind
1610 2451 1643 2507 de
1656 2452 1697 2506 bis
1709 2453 1820 2507 secretis
1833 2464 1859 2506 et
1875 2452 1983 2506 tlresau·

1188 2542 1225 2597 ris
1244 2543 1430 2612 mysteriorum
1449 2542 1506 2607 Dei,
1521 2557 1536 2596 a
1551 2541 1761 2613 diligentioribus
1778 2552 1805 2597 ct
1820 2541 1983 2613 dignioribus

1187 2636 1245 2691 erni
1268 2643 1364 2705 potest.
1384 2635 1437 2690 Nos
1460 2644 1547 2689 manen
1568 2649 1616 2704 pro
1637 2644 1729 2690 uestro
1750 2645 1839 2704 captu,
1854 2645 1982 2704 qtratuturn

1187 2724 1289 2794 saliunt
1303 2735 1330 2780 et
1344 2734 1472 2795 quantam
1483 2724 1557 2780 dedit
1569 2724 1708 2788 Dominus,
1724 2740 1772 2793 pro
1785 2726 1904 2795 angustia
1918 2740 1983 2794 quo·

1188 2830 1240 2884 que
1264 2815 1400 2884 temporis,
1421 2830 1480 2883 qaae
1504 2813 1646 2882 potuimus,
1664 2813 1790 2869 diximus.
1809 2813 1837 2870 Si
1857 2815 1917 2884 quis
1940 2830 1984 2868 re·

1188 2914 1272 2959 strum
1297 2904 1411 2973 amplius
1432 2904 1511 2973 capit,
1534 2904 1568 2958 atl
1588 2904 1663 2959 illum
1679 2904 1775 2974 pulset,
1790 2920 1805 2958 a
1819 2921 1872 2975 quo
1891 2914 1918 2960 et
1933 2919 1983 2958 tros

1188 2993 1259 3064 quod
1275 3008 1381 3064 capere,
1395 2993 1466 3064 quod
1479 2993 1569 3049 dicere
1589 3008 1741 3063 pessumus,
1757 2996 1896 3053 suuumus.
1918 2994 1984 3049 titud

1188 3094 1251 3142 aute
1269 3088 1358 3141 omnia
1382 3086 1505 3150 retinete,
1530 3095 1559 3141 ut
1581 3086 1726 3156 scripturis
1746 3089 1846 3142 satietis
1866 3087 1983 3143 trandum

1189 3176 1332 3231 intellectis
1347 3191 1399 3232 riou
1413 3176 1624 3247 perturbemiui;
1639 3179 1818 3249 intelligentes
1828 3188 1915 3233 autem
1931 3196 1984 3232 rum

1189 3265 1317 3320 lullemiui
1333 3285 1340 3321 :
1355 3266 1402 3321 sed
1417 3276 1444 3321 et
1464 3267 1537 3336 qued
1558 3283 1609 3322 nou
1630 3268 1788 3339 intelligitis,
1803 3284 1863 3323 curat
1883 3268 1985 3341 laeuore

1188 3356 1332 3424 dilleratis;
1348 3367 1374 3414 et
1390 3357 1461 3429 quod
1475 3358 1632 3429 intelligitis,
1648 3374 1710 3414 cum
1720 3360 1850 3415 ebaritatc
1862 3360 1983 3416 teneatis.

1454 3446 1568 3502 SERMO
1587 3447 1652 3503 Ltt·
1669 3449 1719 3520 (ιι).

1188 3532 1230 3591 De
1244 3536 1324 3591 uerbis
1349 3536 1481 3608 Euuttgelii
1502 3536 1629 3604 Mattiaci,
1654 3556 1711 3608 cup.
1733 3556 1771 3604 ut,
1793 3540 1889 3601 isti.
1908 3539 1987 3600 Vertit

1224 3606 1301 3661 lesus
1315 3622 1330 3661 a
1344 3606 1450 3662 Galilaea
1462 3608 1487 3662 in
1500 3607 1643 3662 lordanem
1657 3609 1689 3663 ad
1700 3609 1842 3676 loannem,
1859 3621 1884 3664 ut
1899 3609 1985 3680 bapti·

1226 3685 1331 3730 caretur
1343 3678 1377 3730 ab
1390 3692 1433 3742 eo,
1447 3688 1509 3744 cte,
1525 3678 1556 3731 ae
1569 3677 1693 3732 Trinitnte
1707 3679 1755 3748 (b).

1227 3765 1341 3821 carba
1368 3767 1509 3821 uutuuu.
1536 3797 1571 3807 -
1595 3768 1620 3821 l.
1647 3767 1716 3821 Deus
1741 3768 1850 3822 Trinitas
1878 3770 1904 3822 irt
1936 3768 1984 3822 btt-

1189 3858 1281 3928 primae
1298 3855 1392 3911 Clarieti
1410 3858 1609 3912 corumeudotur.
1634 3859 1792 3927 Evangeliea
1815 3859 1894 3914 lectio
1922 3875 1984 3928 pro·

1189 3948 1279 4017 posuit
1297 3947 1373 4001 nobis
1387 3947 1458 4002 uude
1473 3948 1612 4017 loquamur
1626 3948 1659 4002 ad
1674 3947 1836 4003 Clraritatena
1857 3961 1983 4016 restrmn,

1191 4046 1315 4106 margatum
1337 4037 1440 4091 bomini
1463 4038 1632 4108 imperiosi
1652 4054 1715 4093 rere
1736 4039 1839 4093 Dotrtini
1859 4041 1981 4110 imperio.

1190 4130 1232 4183 sb
1252 4129 1298 4183 illo
1315 4129 1385 4183 cuitu
1405 4130 1568 4198 exspectarit
1583 4145 1630 4184 cor
1648 4147 1736 4185 mrum
1753 4140 1876 4202 tanquam
1887 4133 1985 4202 jussio-

1192 4235 1252 4274 nem
1275 4220 1424 4290 proleretuli
1439 4221 1581 4285 serntouis,
1596 4229 1625 4273 ut
1647 4221 1708 4276 laiuc
1728 4239 1787 4275 cum
1811 4223 1983 4293 intelligerem

1191 4310 1264 4380 loqui
1286 4326 1329 4364 me
1344 4311 1421 4373 velle,
1436 4311 1506 4379 quotl
1527 4312 1631 4365 recitari
1655 4311 1711 4380 ipsc
1731 4313 1866 4366 antariaset.
1888 4315 1985 4367 saraia

1191 4416 1255 4471 ergo
1266 4401 1382 4455 studium
1396 4408 1423 4455 ct
1434 4380 1541 4455 dev'mio
1552 4412 1649 4467 restra,
1661 4403 1802 4473 etadjuret
1813 4405 1882 4473 apml
1897 4405 1982 4473 ipsam

1192 4493 1332 4546 bertuinum
1354 4494 1437 4548 betam
1461 4503 1579 4547 nostrum
1603 4494 1720 4549 laborem
1740 4511 1840 4549 areum
1857 4496 1984 4550 litleruus

1191 4584 1262 4636 enirn
1275 4592 1302 4637 ct
1316 4592 1440 4649 tanquam
1455 4584 1591 4650 proposito
1604 4582 1694 4637 divino
1707 4586 1859 4653 spectaculo
1876 4597 1985 4641 contum

1193 4688 1263 4736 tour,
1277 4673 1346 4741 apud
1362 4671 1461 4726 llrrnten
1480 4672 1602 4726 Juruauis
1615 4673 1795 4728 coratotcndari
1811 4675 1886 4729 nubis
1902 4676 1984 4730 Deum

1192 4770 1311 4816 nostrum
1324 4763 1349 4815 in
1363 4763 1502 4816 Trinitate.
1514 4763 1578 4817 Carsu
1590 4765 1661 4824 euim
1673 4766 1776 4819 reniret
1789 4765 1879 4832 lesus,
1896 4776 1923 4821 et
1937 4767 1984 4820 ba·

1193 4852 1306 4921 ptiaatus
1330 4860 1402 4905 essct
1424 4868 1438 4904 a
1461 4852 1574 4918 lotione,
1601 4854 1729 4908 borninus
1750 4872 1764 4906 a
1786 4869 1864 4909 serre
1886 4855 1895 4924 l
1914 4856 1985 4929 qnotl

1193 4940 1256 4995 lecit
1268 4942 1300 4994 ad
1316 4940 1470 4996 lruutilitatis
1485 4943 1653 5011 exemplunm
1670 4945 1696 4997 in
1716 4946 1771 5013 ipsa
1787 4947 1884 5015 qttippre
1897 4947 1985 4999 bumi-

1194 5032 1266 5086 litate
1280 5031 1395 5085 ostendit
1416 5033 1519 5100 impleri
1532 5033 1676 5101 justitiam,
1689 5034 1796 5102 qttaualn
1811 5035 1916 5089 dicente
1935 5036 1984 5089 sibi

1193 5121 1304 5186 Joauue‚
1326 5122 1381 5191 b'go
1399 5122 1475 5174 (leben
1496 5139 1511 5173 n
1533 5132 1557 5174 te
1571 5123 1703 5191 baptizari,
1719 5135 1742 5176 et
1754 5132 1780 5176 tu
1793 5127 1860 5176 terris
1874 5127 1907 5177 ad
1926 5141 1984 5188 tire:

1225 5214 1377 5273 'castigatus
1389 5212 1466 5260 estad
1482 5220 1533 5260 tres
1544 5213 1584 5259 bu.
1596 5213 1625 5260 acl
1636 5221 1739 5273 quatuor
1755 5213 1786 5261 el.
1799 5214 1862 5262 ada.
1875 5214 1913 5263 eb.
1927 5213 1943 5263 l.
1957 5216 1983 5264 ll.

1193 5272 1222 5324 is.
1239 5287 1263 5335 g.
1278 5275 1305 5320 lr.
1320 5287 1352 5320 tu.
1359 5286 1399 5380 pr.
1412 5285 1455 5320 rtu.
1473 5274 1510 5321 tal.
1524 5280 1573 5320 ιιιι.
1587 5279 1622 5320 ιι.
1635 5280 1683 5321 tar.
1697 5280 1748 5322 lor.

1225 5335 1261 5393 (ιι)
1279 5333 1347 5391 alias,
1374 5333 1429 5381 one
1443 5335 1525 5381 t'erbis
1536 5335 1636 5381 botatiui.

1225 5395 1260 5456 (b)
1276 5396 1364 5442 citatur
1374 5407 1388 5442 a
1399 5394 1466 5442 Floro
1477 5396 1505 5442 al
1516 5393 1589 5442 oalat.
1602 5393 1710 5447 mittola
1721 5397 1840 5444 sermonis
1854 5403 1899 5445 abe
1910 5398 1986 5447 Triui-

1198 5474 1208 5501 a
1221 5465 1279 5504 tate.
1291 5473 1301 5497 ι
1315 5455 1436 5517 ulerisgue
1448 5462 1530 5504 antem
1540 5463 1592 5505 uss.
1601 5457 1747 5515 inscribitur,
1762 5464 1810 5505 «be
1820 5459 1986 5508 utiaminitate

1198 5518 1330 5578 «uittaque
1342 5519 1434 5565 unitate
1443 5532 1469 5577 3»
1486 5530 1564 5579 eaque
1584 5519 1705 5579 inscriptio
1717 5525 1774 5567 aitte
1793 5520 1909 5568 ttinenari
1927 5528 1986 5569 aeta·

1194 5587 1245 5629 tem
1255 5579 1394 5633 obtinebat,
1408 5587 1435 5626 ttt
1447 5579 1585 5628 ttinemams
1604 5581 1656 5641 ipse
1669 5579 1738 5629 latu-i
1750 5590 1846 5628 mactus
1864 5587 1909 5637 est,
1924 5579 1986 5628 libro

1194 5642 1226 5690 tle
1238 5653 1343 5689 areauna
1354 5641 1482 5699 trinitate,
1496 5653 1550 5702 pag.
1566 5642 1620 5690 ιὸὅ.
1634 5643 1675 5690 uic
1685 5644 1765 5691 obiter
1776 5644 1908 5690 obseruare
1918 5642 1987 5702 jurat

1194 5704 1344 5750 ttiucmarum
1356 5702 1469 5750 eututleut
1477 5703 1500 5749 iu
1510 5701 1597 5750 eodem
1609 5701 1669 5750 libro
1680 5711 1752 5751 totam
1763 5706 1813 5751 iere
1823 5704 1931 5765 paginam
1940 5702 1987 5752 bil

1195 5772 1296 5823 trosque
1315 5767 1495 5824 subsequentes
1515 5763 1618 5825 implere
1641 5767 1751 5824 excerpti
1776 5767 1896 5813 sermonis
1911 5775 1986 5825 (prem

1196 5831 1265 5874 uocat
1277 5826 1399 5887 augustini
1415 5826 1465 5872 «de
1478 5825 1570 5872 tuitate
1583 5825 1656 5872 tetris
1666 5834 1691 5872 et
1704 5823 1751 5873 tilii
1772 5833 1798 5874 et
1814 5828 1914 5887 spiritns
1932 5839 1986 5875 sau·

1200 5886 1253 5933 acti
1266 5894 1347 5933 contra
1359 5888 1455 5935 arianas
1464 5899 1491 5946 ,ι
1506 5887 1546 5948 quai
1558 5894 1637 5934 tamen
1648 5887 1711 5934 inter
1719 5889 1902 5950 augustinianos
1917 5887 1988 5938 tuotlo

1197 5955 1387 6009 uuacotaparet.
