4759 6684
381 616 439 678 &it

384 749 448 791 sum
462 746 510 788 cor
532 727 667 787 liberum?
687 726 740 785 Sed
756 726 814 782 tide
837 727 858 781 si
881 743 933 780 nou
955 741 1029 781 aneas
1042 766 1049 791 ,
1064 725 1120 797 ipsc
1134 724 1182 780 tibi

386 802 504 879 fideliter
517 820 654 886 renuntia,
670 834 723 874 non
737 834 751 872 a
766 834 808 874 me
821 826 977 883 accusans,
990 815 1038 872 sed
1056 831 1072 872 a
1093 826 1120 871 te
1141 815 1182 870 in·

383 921 546 985 terrogatus.
561 912 661 979 Plane,
684 911 789 980 inquis,
812 926 863 963 trun
880 923 962 963 atrro:
979 908 1054 963 dlres
1074 907 1180 978 quidem

384 1021 464 1074 snm,
488 1004 535 1059 sed
558 1004 618 1074 tpria
641 1002 696 1073 ianr
721 1017 799 1067 stuu,
815 1015 867 1055 non
883 1009 971 1055 autent
987 1000 1048 1054 tolo
1062 1014 1138 1065 esse,
1153 1009 1182 1055 ut

380 1095 504 1154 incidam
531 1094 557 1147 iu
583 1092 755 1148 tentationem
779 1101 805 1146 et
835 1092 975 1160 taqueum,
1000 1099 1027 1145 et
1047 1089 1180 1146 desideria

382 1186 466 1241 ntnlta
480 1194 508 1239 et
522 1183 598 1238 notia
611 1223 618 1246 ,
631 1198 690 1254 quaa
710 1191 832 1251 ntergtntt
848 1182 981 1235 homiuem
1004 1181 1029 1233 in
1050 1181 1178 1252 perditio-

381 1295 456 1338 nem.
469 1278 557 1335 Grave
576 1276 693 1340 malurn,
710 1274 870 1329 lrorrendnm
883 1314 891 1336 ,
906 1274 1102 1343 periculosum,
1123 1274 1179 1328 esi·

381 1370 491 1429 tittsmu.
507 1369 567 1425 lant
579 1382 656 1432 suro,
672 1366 774 1438 inquis,
790 1365 882 1431 dites,
897 1381 949 1420 ntra
963 1379 1023 1421 esse
1036 1364 1105 1419 tolo.
1119 1364 1178 1419 lam

381 1480 413 1525 es
428 1465 519 1529 dices,
538 1467 594 1533 jam
617 1461 713 1530 inquis,
728 1476 780 1514 nott
795 1474 854 1514 esse
869 1460 917 1514 ris.
933 1458 1007 1523 Non,
1032 1459 1128 1528 ittquis.
1149 1456 1176 1512 st

382 1573 438 1613 mut
452 1571 546 1620 esses,
570 1554 674 1609 rrtdtes?
696 1552 817 1617 Nollem,
840 1550 937 1620 inquis.
958 1550 1017 1605 latu
1037 1563 1102 1620 ergo
1116 1549 1177 1620 utria

380 1666 432 1719 es,
451 1656 480 1706 et
493 1649 602 1702 rrrlrum
617 1648 662 1701 Dei
678 1655 703 1700 te
719 1643 782 1699 loris
797 1645 904 1698 diuitem
921 1644 1038 1709 incenit,
1055 1643 1124 1696 intus
1136 1640 1177 1695 di-

381 1742 463 1797 sitem
489 1738 567 1803 lecit,
590 1738 681 1808 accipe
701 1751 759 1805 cpue
783 1735 908 1789 diritihus
931 1733 1002 1788 dicta
1025 1741 1097 1789 snat.
1121 1733 1177 1787 lloe

378 1832 536 1903 etrimrpttnl
559 1832 600 1884 his
622 1830 759 1884 dicebatur
773 1829 877 1895 rerhis,
901 1827 976 1883 Nihil
997 1829 1128 1883 intulimus
1150 1828 1176 1882 in

377 1925 598 1988 lacrimaretur,
619 1923 663 1976 sed
684 1939 728 1976 uer
749 1925 849 1990 oeseme
861 1921 958 1992 slipititl
971 1938 1122 1993 pastoratus:
1137 1920 1175 1974 oi·

377 2020 448 2072 creor
462 2026 485 2070 et
499 2022 666 2087 teprtotentrrut
679 2013 811 2078 ltoltentrs,
827 2012 865 2066 itis
880 2013 988 2066 renitenti
998 2013 1085 2067 simos.
1106 2010 1174 2067 Nora

378 2110 424 2180 qttt'
437 2108 521 2162 rolant
534 2107 622 2159 diriter
637 2107 708 2167 heti,
723 2104 836 2157 iruidunt
850 2104 877 2156 t‘rr
896 2104 1073 2168 tentationem,
1085 2111 1112 2158 et
1124 2119 1174 2159 cae-

380 2213 447 2257 tera.
473 2199 524 2267 Qui
545 2199 643 2262 volatu,
668 2197 768 2266 irrqtrit,
794 2196 881 2249 diriter
900 2196 970 2264 perh·
995 2204 1118 2264 tanquam
1139 2195 1174 2250 ed

379 2291 687 2367 parsperesdicehautur.
709 2287 770 2342 llaec
785 2287 864 2342 rerlta
889 2286 1008 2357 Apostoli
1031 2302 1172 2356 pauperem

379 2397 407 2443 te
421 2381 598 2440 inverteruntl
621 2381 667 2436 Dic
680 2380 722 2434 illa
736 2421 742 2439 .
757 2389 784 2434 et
798 2378 871 2432 dites
884 2393 913 2432 es
928 2396 934 2432 :
949 2378 992 2432 dic
1005 2378 1031 2431 in
1045 2378 1125 2432 corde
1140 2395 1172 2431 rx

376 2479 479 2543 eorde,
495 2475 564 2531 Nihil
587 2475 663 2529 intuli
687 2474 713 2528 iu
734 2473 806 2528 ltutrc
829 2470 972 2537 mundum,
996 2469 1043 2526 sed
1062 2486 1111 2524 nee
1124 2486 1173 2524 au·

377 2570 449 2628 lerre
462 2567 559 2636 alirprid
576 2580 682 2635 possum
698 2582 704 2617 :
720 2564 815 2617 rictum
826 2571 853 2617 et
867 2570 1046 2632 teguruentum
1060 2559 1171 2625 habens,

377 2659 421 2715 his
431 2667 571 2714 contentus
585 2671 654 2709 seua.
669 2654 735 2708 liam
760 2653 782 2707 si
806 2653 916 2707 rehtero
928 2651 1001 2707 dites
1016 2650 1088 2716 lieri,
1105 2650 1172 2705 inei·

375 2750 438 2807 darn
452 2750 479 2805 iu
494 2748 665 2804 tetrartioaem
678 2755 705 2801 et
717 2745 850 2814 latprenm.
866 2744 931 2810 liic,
946 2752 974 2797 et
988 2743 1103 2798 consiste
1128 2742 1171 2798 rrhi

376 2846 503 2901 inretitos
517 2856 556 2896 es.
580 2839 637 2894 nott
661 2847 686 2894 te
711 2839 828 2893 inserere
851 2836 987 2892 doloribus
1010 2838 1116 2904 multis3
1138 2854 1172 2893 ue

374 2954 437 2995 cunt
452 2937 568 2992 nolueris
584 2944 609 2999 te
622 2949 728 2996 exurere,
744 2933 860 2987 lanieris.
877 2931 929 2987 Sed
951 2931 1025 2987 dites
1049 2932 1171 2986 inretitus

374 3031 429 3087 esi
442 3030 546 3084 Sutrtet
569 3028 619 3081 alia
635 3025 730 3087 rerba,
745 3039 804 3095 qaae
818 3027 983 3080 recitemus:
1007 3037 1058 3077 non
1081 3021 1171 3078 existi·

374 3131 432 3179 rnet
442 3122 475 3176 ad
491 3137 520 3176 se
536 3119 601 3174 nihil
619 3118 717 3173 dictura
731 3117 775 3187 tpri
788 3116 862 3170 dives
877 3117 997 3171 intentus
1011 3124 1061 3170 est.
1077 3115 1169 3170 Eidem

372 3211 517 3268 'limtnheo
532 3210 610 3274 dicit,
627 3208 713 3264 eidem
737 3207 878 3276 hpostuhts
893 3206 973 3268 dicit,
995 3207 1042 3261 sed
1061 3207 1170 3277 pauperi

371 3303 438 3361 dicit
450 3300 610 3357 Timotheo:
627 3299 782 3353 Timotheus
797 3299 867 3353 enim
890 3313 990 3368 pauper
1002 3306 1076 3365 erat,
1101 3298 1172 3380 siret

371 3394 484 3451 l‘rrrrlos.
499 3392 566 3461 Quid
577 3406 640 3461 crgo
654 3390 795 3444 Timotheo
806 3389 840 3444 de
859 3388 909 3444 hoe
922 3389 1042 3444 dicturus
1056 3401 1108 3456 est,
1124 3391 1172 3445 ho·

372 3486 439 3543 mirri
454 3484 579 3554 pauperi,
592 3483 660 3553 (pared
678 3484 809 3551 pertineat
822 3482 855 3536 ad
872 3481 978 3553 eosqui
995 3483 1092 3536 inventi
1108 3493 1170 3537 srmt

368 3579 491 3637 divites?
506 3578 572 3632 hredi
591 3577 653 3647 tprid
671 3595 678 3632 ε
694 3575 823 3646 Precipe,
847 3577 948 3647 innuit,
964 3579 1079 3633 dieitilrrts
1093 3579 1170 3650 lutjrts

370 3673 464 3729 mendi
477 3687 486 3726 :
498 3670 558 3741 quia
574 3678 635 3724 suut
653 3677 680 3723 et
700 3668 796 3723 ethites
812 3670 874 3732 Dei:
889 3678 916 3724 et
929 3671 983 3724 ruri
1006 3671 1100 3726 diuites
1115 3687 1167 3727 nou

372 3772 437 3821 tent
450 3764 500 3817 uisi
513 3763 609 3817 divites
623 3762 688 3825 Dei,
701 3762 785 3832 qualis
798 3770 855 3816 erat
869 3763 925 3830 ipse
941 3762 1051 3825 Patulus,
1066 3764 1109 3831 «pri
1121 3765 1167 3829 ait,

371 3855 431 3928 Epo
441 3856 508 3910 eairu
522 3856 530 3886 ¹
544 3854 623 3909 didici
636 3854 662 3907 in
677 3852 765 3924 onibus
775 3870 830 3907 enm
842 3854 964 3924 sufficiens
975 3871 1027 3908 esse
1039 3853 1166 3926 (Philipp.

373 3954 410 4015 tr,
425 3949 480 4019 lli.
491 3952 576 4003 .traro
591 3957 679 4003 autem
694 3962 746 4002 nou
758 3948 864 4001 srrttieit.
880 3947 968 4017 Ergo,
985 3944 1115 4017 Principe,
1129 3947 1169 4002 ln·

368 4042 448 4113 ertit,
465 4042 582 4096 dinitidat
598 4040 673 4110 liujus
692 4040 790 4094 nreudi.
806 4038 875 4106 Quid
890 4039 928 4093 eis
950 4038 1059 4094 dieunt?
1080 4039 1167 4094 Nolite

372 4133 441 4189 telle
455 4122 514 4187 esse
526 4131 640 4186 duhest
659 4131 717 4186 lam
733 4130 828 4185 diuites
850 4129 948 4186 intenti
963 4140 1024 4185 sunt
1038 4145 1045 4183 z
1060 4130 1168 4185 audiant

369 4224 444 4298 qnod
458 4225 491 4278 ad
504 4238 550 4279 eos
563 4223 662 4278 dictum
677 4231 735 4285 est,
749 4221 793 4276 uhi
809 4230 888 4291 capnt
908 4229 966 4288 est,
989 4239 1039 4276 nou
1061 4222 1167 4293 ertperlte

371 4332 469 4383 sapere.
486 4314 579 4369 hdlruc
603 4312 733 4368 hahentur
746 4312 863 4377 divitie,
887 4313 1051 4383 multumque
1071 4328 1165 4367 arnan·

368 4418 426 4465 tar.
441 4408 523 4463 Nidus
537 4408 669 4479 colligitur
687 4407 818 4474 superhise
829 4444 838 4473 ,
849 4405 893 4460 ulti
917 4406 1048 4460 nutriatur
1066 4416 1093 4462 et
1106 4421 1165 4462 cre·

370 4508 443 4563 ιαιις
463 4499 534 4569 qtrod
557 4499 631 4570 peius
646 4505 703 4563 est,
726 4512 779 4551 non
801 4498 888 4560 solet,
904 4496 951 4552 sed
965 4505 1079 4552 maneat.
1097 4498 1166 4569 Ergo

366 4601 433 4648 ente
444 4593 551 4656 omnia,
567 4608 617 4645 aton
632 4590 738 4662 strperle
751 4607 847 4661 sapere.
864 4589 899 4645 Ut
911 4591 1054 4661 intelligat,
1068 4592 1163 4661 sapiat,

369 4683 470 4754 cogitet
482 4697 511 4737 se
523 4683 672 4745 mortalem,
686 4693 712 4736 et
726 4683 850 4736 mortales
864 4697 994 4752 pauperes
1009 4697 1094 4752 pares.
1105 4686 1166 4738 hut·

366 4774 420 4831 atu
431 4775 501 4830 enim
513 4783 581 4829 terra
596 4773 681 4826 nudm
693 4774 814 4843 excepit,
826 4773 918 4828 anthes
931 4783 1067 4844 exspectat
1082 4789 1163 4844 mors,

366 4868 464 4923 ambos
486 4882 537 4921 nan
561 4867 636 4921 timet
658 4864 751 4921 lehris.
778 4867 862 4921 llahet
881 4882 939 4922 eam
960 4883 1059 4937 pauper
1080 4879 1166 4923 strato

366 4970 496 5023 terrene,
510 4957 615 5013 sednee
628 4958 770 5012 ditescam
784 4958 934 5013 uenientem
948 4958 1017 5013 lecto
1028 4967 1109 5014 terret
1123 4974 1167 5014 ar·

367 5058 477 5121 gentico.
494 5049 580 5119 Ergo,
600 5048 899 5119 Pru’cipehup'urutrotdi
912 5049 1043 5117 divitibus,
1057 5068 1107 5105 nort
1123 5068 1165 5105 stt·

367 5141 551 5209 periesapere.
566 5141 717 5211 Agnoscunt
738 5155 867 5210 paauperes
880 5156 943 5196 suos
958 5141 996 5210 (a)
1013 5158 1020 5195 ε
1037 5157 1166 5212 pauperes

366 5232 491 5289 homines
503 5243 564 5289 sunt
576 5244 601 5288 et
614 5233 736 5287 homiues
746 5252 752 5295 ;
762 5233 897 5289 dicimilis
912 5234 1002 5299 restis,
1011 5235 1057 5290 sed
1072 5237 1167 5291 sinrilis

365 5327 437 5384 cutis
456 5336 504 5382 :et
518 5328 540 5382 si
554 5326 630 5381 dites
649 5335 770 5380 mortuus
785 5325 908 5381 conditur
928 5329 1101 5393 aromatibus,
1114 5344 1166 5384 non

365 5420 418 5474 erit
433 5417 505 5473 nulla
516 5417 638 5487 putredo,
648 5417 781 5480 sedsera;
797 5418 1166 5489 seriusputrescit,nuraquid

366 5524 421 5564 nrtn
436 5506 585 5578 putrescit?
601 5508 655 5563 Sed
675 5521 821 5576 ponamus,
836 5522 888 5561 non
900 5507 978 5561 atrahe
991 5518 1166 5576 putrescunt:

365 5608 522 5657 tamennon
533 5599 612 5655 autho
624 5614 677 5654 aon
688 5598 824 5654 sentiunt?
838 5598 952 5670 Procipe
961 5598 1080 5654 dinitidtts
1092 5601 1168 5672 lrnjtts

370 5691 462 5745 mendi
481 5692 651 5763 conceperis
671 5708 768 5761 cepoe.
790 5690 847 5746 Non
870 5693 984 5761 supcrhe
1005 5693 1125 5763 sapiaut;
1141 5704 1169 5750 ct

401 5807 410 5840 ¹
423 5805 494 5867 reto,
505 5812 528 5857 et
540 5806 591 5858 eeri
602 5804 694 5856 domes.
709 5813 758 5855 n'oo
767 5804 810 5865 ait,
827 5814 875 5871 epo
888 5805 1020 5867 tramete.
1033 5812 1118 5856 toorm
1129 5819 1170 5857 re·

369 5870 493 5919 stiterimus
504 5882 535 5919 ert
549 5869 618 5919 ttedae
626 5868 782 5919 collectione.

398 5930 435 5992 lo)
447 5929 528 5989 horel,
538 5929 659 5980 dement.
668 5930 757 5989 critic,
769 5928 1168 6003 1,eg.2ot‚extsdnottegentum

366 6004 424 6041 esse
437 6006 443 6042 :
457 5998 587 6057 moesone
621 6004 722 6056 cuperes
737 6004 809 6053 poree
820 6005 898 6043 snos:
915 5990 1106 6056 euinsleottoms
1121 6004 1169 6045 noa

364 6056 475 6105 estimes
484 6052 526 6104 dat
535 6066 563 6106 su
613 6062 692 6106 entes.
725 6058 745 6102 Ι

603 6239 620 6276 0

1057 608 1171 668 setttto
1189 608 1331 668 CLXii'll

1981 619 2034 681 orta

1237 739 1299 778 rure
1309 725 1468 792 tatrserout,
1479 731 1571 801 quales
1581 731 1662 789 rideri
1672 748 1732 790 esse
1746 735 1852 803 colunt,
1869 738 1926 794 sine
1938 757 2033 796 atttrrre

1238 817 1427 888 possidebunt,
1443 838 1495 876 non
1511 824 1727 893 possidebuntur.

1271 908 1298 965 8.
1321 909 1386 981 Spes
1409 911 1436 964 itt
1460 913 1552 968 otottr'r'e
1573 932 1622 968 tren
1646 917 1772 986 pertende.
1789 918 1855 973 Frui
1867 931 1890 974 et
1905 922 1950 974 uti.
1977 923 2031 979 sert

1235 1016 1295 1072 quat
1308 1014 1453 1072 sentiantur
1466 1005 1525 1061 ride
1539 1024 1546 1059 z
1563 1006 1623 1062 Nou
1636 1009 1742 1082 strperlre
1755 1029 1859 1084 tepere,
1881 1031 1960 1082 treme
1975 1034 2034 1088 spe·

1234 1108 1292 1145 rure
1303 1093 1328 1145 iu
1346 1093 1441 1148 itrcerto
1451 1094 1605 1150 dieitimtott.
1620 1100 1700 1153 Arnas
1711 1112 1822 1169 aurttrn;
1837 1104 1887 1170 lar,
1901 1106 1922 1159 si
1939 1116 2030 1175 potes,

1234 1191 1356 1249 eertum,
1373 1193 1400 1239 ut
1413 1201 1465 1240 nou
1482 1188 1575 1243 timeas
1594 1190 1728 1245 amittere.
1751 1192 1924 1265 congregasti
1944 1196 2030 1253 iarcrd·

1234 1283 1332 1340 tatem,
1347 1277 1379 1331 da
1394 1277 1440 1333 tihi
1456 1281 1476 1345 ¹,
1489 1281 1510 1334 si
1526 1292 1614 1349 potes,
1630 1286 1811 1341 securitatem.
1827 1286 1916 1361 Neque
1928 1308 2031 1362 operere

1231 1365 1258 1419 iu
1270 1368 1363 1422 irrcerto
1377 1368 1531 1425 divitiorem.
1543 1373 1618 1430 Tolle
1630 1375 1691 1431 iude
1705 1391 1798 1449 spem,
1813 1378 1857 1434 ehi
1872 1383 1961 1437 haisti.
1974 1382 2029 1440 Sed

1232 1457 1258 1511 io
1273 1457 1327 1512 lieo
1347 1461 1411 1514 viro.
1428 1459 1465 1517 lhi
1490 1464 1540 1533 ige
1559 1482 1645 1538 spera,
1660 1469 1694 1522 ihi
1711 1470 1856 1527 anchoram
1869 1475 1958 1530 cordis
1972 1478 2029 1542 tui,

1231 1557 1260 1604 ut
1282 1562 1425 1622 tempestas
1444 1558 1534 1610 seculi
1554 1575 1606 1613 uotr
1627 1568 1653 1613 te
1673 1560 1734 1618 inde
1752 1565 1892 1634 abrumpat
1907 1582 1913 1617 ε
1927 1567 1954 1620 itt
1972 1566 2028 1622 Deo

1230 1645 1294 1712 tiro,
1309 1649 1352 1716 tpri
1364 1659 1465 1717 prestat
1480 1651 1551 1706 uoltis
1572 1654 1657 1706 otrtuio
1671 1656 1771 1711 nitiade
1782 1656 1817 1709 od
1837 1659 1983 1727 [ruendum.
1999 1661 2026 1718 Si

1229 1739 1332 1806 orrrur'o,
1345 1750 1445 1808 quiante
1458 1743 1541 1808 tuaeis
1553 1742 1602 1797 se?
1626 1744 1659 1799 Et
1682 1761 1744 1800 rere
1765 1747 1798 1800 ad
1818 1746 1957 1804 lrueudura
1971 1752 2027 1819 ipse

1230 1827 1307 1882 nohis
1320 1830 1371 1884 erit
1385 1833 1483 1885 omnia
1498 1830 1564 1888 Nam
1578 1849 1630 1889 nou
1647 1836 1712 1890 mihi
1728 1837 1832 1893 ridetur
1843 1839 1959 1908 dictum,
1977 1842 2027 1910 Osi

1228 1920 1297 1972 dedit
1315 1921 1386 1974 trebir
1407 1924 1492 1976 ouutr'tt
1510 1924 1667 1981 tritrudnutrr
1689 1929 1724 1981 etl
1747 1930 1901 1998 interimant,
1925 1934 1974 1987 uisi
1996 1950 2026 1991 oo

1230 2009 1326 2079 ipsum.
1343 2010 1453 2067 i‘idetnr
1475 2015 1545 2068 errim
1568 2017 1638 2070 aliod
1653 2033 1712 2073 esse
1727 2021 1781 2083 uti,
1797 2021 1867 2075 aliod
1884 2023 1945 2078 lrui.
1967 2024 2025 2080 l‘ti·

1229 2116 1288 2154 ruur
1302 2100 1372 2154 enim
1397 2118 1444 2172 pro
1465 2108 1641 2171 nerrssitate,
1665 2107 1777 2163 lreirttur
1791 2129 1838 2180 pro
1849 2114 2024 2181 juentrditate.

1228 2188 1299 2262 Ergo
1313 2192 1363 2247 ista
1377 2197 1531 2263 temporalia
1546 2195 1618 2251 dedit
1631 2198 1663 2252 ad
1680 2200 1821 2267 utertdnm,
1843 2219 1872 2257 se
1886 2204 1919 2257 ad
1933 2205 2024 2261 iraten-

1226 2281 1300 2337 dum.
1316 2283 1343 2338 Si
1358 2301 1422 2356 ergo
1442 2302 1486 2349 se,
1502 2304 1584 2356 tptare
1603 2287 1702 2344 dietum
1717 2303 1758 2346 est
1773 2293 1874 2355 orrtnio,
1891 2295 1940 2348 nisi
1961 2297 2023 2365 quia

1226 2375 1354 2443 scriptum
1368 2388 1424 2442 est,
1439 2376 1473 2432 Ut
1483 2380 1515 2433 sit
1528 2378 1596 2433 lleus
1609 2383 1693 2434 orrtrrio
1705 2383 1731 2436 iu
1744 2384 1858 2438 ouruiltrts
1870 2385 1890 2456 (l
1902 2384 1961 2439 Cer.
1977 2402 2022 2454 ιι,

1226 2463 1293 2534 idi?
1317 2466 1387 2537 Ergo
1409 2468 1443 2522 ihi
1462 2484 1509 2523 eor
1522 2469 1555 2522 atl
1579 2470 1737 2538 iraeadem,
1751 2481 1779 2526 ut
1792 2475 1826 2529 sit
1845 2491 1950 2531 strrsum
1965 2494 2022 2533 cor.

1226 2556 1307 2612 Solve
1322 2568 1347 2613 te
1367 2559 1446 2627 hine,
1463 2561 1510 2616 sed
1524 2563 1601 2635 alliga
1616 2564 1650 2617 ihi
1666 2581 1673 2618 ε
1690 2565 1867 2634 periculosum
1880 2578 1921 2624 est
1936 2570 1982 2626 tihi
1996 2570 2022 2626 iu

1225 2646 1267 2701 his
1280 2650 1470 2706 terrenionihus
1485 2652 1543 2709 sine
1553 2655 1660 2710 viuculo
1675 2672 1825 2713 remanere.

1260 2740 1287 2795 i).
1315 2739 1420 2796 llomiui
1440 2745 1530 2814 sufficit
1551 2745 1620 2800 solere
1642 2744 1722 2801 Dese.
1743 2748 1863 2806 Aceritioe
1887 2753 1981 2808 crt'rrteu
2000 2764 2023 2807 et

1225 2847 1347 2902 portae·
1354 2833 1415 2888 llou
1429 2851 1531 2904 sperme
1542 2837 1569 2889 in
1579 2837 1673 2892 incerto
1683 2839 1827 2894 diritiortnrt
1841 2857 1851 2896 .·
1865 2857 1918 2898 nou
1934 2853 2022 2901 ιἰιιιιιι

1224 2937 1372 2993 nusquaru;
1388 2924 1432 2979 sed
1451 2926 1477 2978 iu
1502 2924 1554 2979 Deo
1569 2928 1640 2990 riso,
1663 2928 1706 2997 ptri
1728 2939 1832 2999 prestet
1849 2932 1920 2986 nodis
1936 2935 2022 2989 orrtuio

1224 3016 1381 3071 &audenter
1392 3017 1584 3089 adfruendum.
1603 3021 1671 3088 Quid
1687 3030 1739 3077 tam
1747 3023 1859 3089 omnia,
1875 3041 1954 3096 quarm
1974 3032 2019 3097 tpri

1224 3107 1406 3164 lecitenmial
1428 3109 1485 3169 Non
1506 3114 1577 3166 enim
1598 3114 1631 3169 ab
1647 3114 1691 3169 illo
1711 3115 1806 3171 licreut
1830 3117 1889 3173 nee
1913 3120 2019 3182 omnio,
2105 3132 2108 3139 ·

1224 3200 1274 3255 nisi
1287 3215 1318 3255 ea
1332 3210 1431 3257 nosset.
1446 3202 1512 3269 eris
1526 3203 1625 3259 audeat
1645 3204 1749 3272 dicere,
1767 3207 1822 3263 lloe
1843 3208 1906 3265 iecit
1929 3210 2017 3275 rtem.

1223 3291 1293 3361 quod
1307 3306 1358 3347 non
1374 3294 1501 3348 trtrrerat?
1516 3293 1592 3361 Queri
1608 3306 1718 3352 noverat
1731 3297 1805 3353 lecit.
1821 3299 1941 3355 llahehat
1953 3316 2019 3370 ergo

1223 3389 1363 3452 antequam
1388 3381 1451 3438 lecit
1480 3401 1487 3438 :
1512 3383 1560 3439 sed
1586 3385 1699 3441 hahuhat
1727 3389 1802 3443 miris
1828 3389 1932 3459 nrtrdis,
1966 3408 2020 3448 nou

1222 3471 1292 3527 sieut
1305 3472 1381 3540 lecit,
1406 3482 1435 3528 ut
1456 3473 1518 3529 lecit
1547 3480 1701 3547 temporatia
1722 3487 1750 3536 et
1775 3485 1956 3548 transeuntia,
1971 3486 2018 3539 sed

1221 3563 1291 3619 sient
1312 3562 1373 3618 iteit
1394 3566 1499 3622 artilex.
1514 3567 1598 3624 llahet
1621 3570 1692 3625 intus
1707 3572 1777 3659 quod
1800 3584 1926 3642 operatur
1942 3575 2015 3631 luris.

1222 3655 1259 3710 lhi
1281 3670 1345 3726 ergo
1368 3667 1430 3711 suut
1455 3659 1698 3730 omniapracipua,
1723 3662 1896 3727 immortalia,
1923 3665 2020 3720 indeli-

1220 3747 1338 3810 cientia,
1354 3751 1553 3816 permanentia,
1577 3760 1605 3804 et
1626 3751 1682 3820 ipse
1707 3752 1776 3807 lteris
1799 3754 1888 3809 ornrtia
1909 3756 1934 3809 ia
1956 3775 2015 3811 ιιιιι-

1221 3840 1318 3894 nihtrs:
1335 3840 1381 3894 sed
1397 3843 1497 3896 sanctis
1511 3843 1566 3897 suis
1583 3843 1640 3913 ipse
1653 3844 1703 3897 erit
1717 3845 1806 3900 omnia
1833 3847 1858 3900 iu
1881 3850 2017 3904 orrruihus.

1221 3930 1279 4002 lpse
1304 3946 1368 4001 ergo
1397 3932 1513 4001 sttlltcit,
1536 3934 1608 3989 solus
1636 3935 1750 4001 sttllnit,
1776 3936 1811 3993 de
1838 3953 1891 4010 quo
1912 3941 2013 3995 dictum

1220 4031 1275 4088 cst,
1304 4023 1414 4078 Ostende
1436 4025 1506 4080 uelis
1530 4024 1650 4092 Patrem,
1677 4035 1701 4081 et
1722 4029 1814 4099 srrfficit
1838 4031 1918 4084 uobis.
1942 4031 2014 4094 Sed,

1221 4111 1319 4180 Tanto,
1333 4114 1435 4183 itupeit,
1451 4124 1562 4186 tempore
1571 4117 1696 4171 vobiscum
1710 4135 1765 4172 sum
1777 4161 1785 4184 ,
1799 4129 1822 4173 et
1835 4138 1884 4175 nou
1896 4126 2016 4194 repeteri-

1218 4205 1264 4260 etr's
1279 4207 1337 4260 utel
1358 4205 1407 4277 Qui
1420 4224 1459 4262 ote
1479 4209 1556 4273 sidit,
1570 4219 1592 4263 et
1610 4208 1712 4265 Putrem
1724 4212 1786 4266 cidit
1800 4212 1890 4284 (lena.
1906 4230 1966 4284 stt,
1981 4216 2017 4283 8,

1219 4295 1259 4368 d).
1274 4296 1368 4352 Ontttia
1386 4299 1456 4354 lices
1471 4300 1549 4357 Pater
1566 4311 1592 4357 et
1609 4301 1692 4356 Filius
1711 4311 1739 4359 et
1757 4303 1875 4375 Spiritus
1897 4318 2016 4364 sanetus.

1218 4389 1313 4446 llerito
1326 4392 1399 4447 solus
1411 4391 1518 4446 suflicit.
1532 4392 1560 4448 Si
1574 4395 1648 4449 avari
1660 4411 1769 4463 sannts,
1784 4397 1869 4467 ipsum
1883 4414 2016 4457 amemus.

1218 4484 1245 4541 Si
1260 4500 1325 4555 opes
1352 4485 1554 4551 desideramus,
1579 4488 1652 4542 solus
1673 4505 1722 4544 nos
1742 4491 1840 4547 satiare
1859 4495 1956 4562 poterit
1982 4492 2017 4548 de

1218 4577 1382 4647 qttodicturu
1396 4587 1453 4642 est,
1475 4578 1523 4646 Qui
1542 4580 1618 4633 satiet
1639 4580 1666 4634 irt
1685 4579 1758 4636 deuia
1778 4583 1930 4638 desiderium
1944 4595 2015 4639 taem

1219 4665 1304 4741 (Psoi.
1320 4683 1370 4734 cn,
1385 4669 1422 4736 5).
1436 4668 1490 4722 lloe
1506 4670 1697 4740 peccatoriuon
1710 4671 1828 4728 solliciti
1842 4674 2015 4739 hoetautum,

1220 4766 1272 4811 tarn
1296 4773 1420 4827 magnum
1445 4758 1542 4812 luunuu
1558 4761 1690 4828 peccatori
1704 4776 1756 4815 uon
1771 4760 1886 4819 srrlltcit?
1898 4763 2016 4821 i'olendo

1220 4847 1318 4905 hahere
1332 4851 1442 4914 omnia,
1459 4850 1519 4920 plus
1532 4850 1646 4920 perdidit
1659 4853 1747 4907 onrtria
1762 4871 1769 4906 :
1785 4853 1864 4924 quia,
1881 4854 1965 4909 lindis
1975 4863 2016 4911 est

1219 4945 1330 4996 emerium
1340 4941 1464 4995 urniorum
1474 4942 1590 4997 urentia.
1602 4942 1694 4997 lleritu
1703 4958 1751 5013 per
1761 4946 1917 5014 prophetam
1933 4947 2022 5004 inere·

1220 5038 1265 5102 pat
1287 5030 1384 5085 animae
1409 5032 1549 5101 peccatrici
1568 5041 1595 5086 et
1616 5047 1632 5085 a
1655 5047 1684 5087 se
1707 5032 1864 5097 lornieauti,
1880 5046 1907 5090 et
1920 5035 1984 5091 dicit
2005 5053 2014 5093 e

1222 5122 1420 5188 &imitaremini
1431 5139 1447 5176 tt
1457 5139 1496 5177 tue
1509 5123 1660 5186 discederes,
1672 5125 1770 5194 aliquid
1781 5136 1805 5180 te
1818 5127 1927 5194 amplius
1939 5127 2013 5183 ltali-

1221 5222 1313 5267 teram.
1324 5211 1376 5267 Sed
1389 5211 1523 5281 qrronrodo
1537 5212 1580 5266 ille
1591 5211 1660 5268 hlius
1670 5213 1768 5280 orinor,
1782 5230 1845 5272 ecre
1860 5231 1954 5285 porcos
1967 5234 2015 5288 pu·

1221 5303 1281 5358 visti
1304 5302 1378 5376 (Luc.
1396 5316 1447 5366 rr,
1474 5299 1518 5373 ta)
1541 5318 1547 5354 :
1571 5317 1635 5358 eece
1659 5305 1748 5358 trnrnia
1773 5306 1926 5374 perdidisti3
1951 5323 2016 5364 eece

1221 5409 1302 5466 egens
1313 5392 1508 5455 rerrraosisti,et
1519 5408 1581 5449 sero
1594 5396 1681 5450 lessus
1695 5394 1797 5450 redisti.
1817 5396 1876 5452 lam
1895 5399 2014 5471 intellige

1192 5485 1281 5554 sortia
1303 5483 1327 5537 id
1349 5481 1418 5552 ettad
1436 5483 1482 5538 tihi
1504 5483 1683 5554 paterdahut,
1700 5487 1780 5541 tetius
1800 5487 1856 5558 ipse
1876 5490 2013 5545 servabat.

1222 5573 1395 5634 Existiurosti.
1408 5575 1455 5628 sio
1468 5591 1507 5628 me
1520 5577 1788 5646 retransmitteret
1805 5579 1914 5650 aurplhtr
1927 5589 1953 5634 te
1964 5580 2013 5634 lte-

1222 5668 1338 5722 lltorout.
1352 5665 1375 5721 0
1388 5668 1475 5721 anitna
1496 5669 1626 5737 peccatrix
1651 5679 1678 5726 et
1700 5669 1805 5739 implent
1830 5672 2013 5730 hartricatiotti·

1222 5758 1290 5820 hus,
1305 5757 1371 5812 laeta
1388 5759 1487 5827 turpis,
1502 5760 1568 5814 lacta
1582 5760 1702 5826 decolor,
1725 5759 1793 5816 lacta
1816 5762 1973 5828 itttnurnda,
1986 5773 2014 5818 et

1221 5849 1259 5902 sie
1272 5857 1357 5902 oruata
1370 5848 1378 5900 l
1395 5847 1460 5903 lledi
1475 5865 1540 5920 ergo
1553 5849 1586 5905 ad
1608 5851 1746 5921 prtlehrtnu
1760 5895 1767 5918 ,
1780 5863 1806 5907 ut
1817 5853 1851 5909 ad
1864 5853 2012 5924 pulchritu-

1221 5938 1310 5993 dinem
1324 5939 1418 5994 rcdcas
1433 5956 1440 5993 ε
1455 5942 1529 6009 redi,
1545 5951 1572 5998 et
1584 5945 1626 6000 dic
1639 5944 1674 6000 illi
1688 5946 1732 6017 tpri
1748 5946 1794 6004 tihi
1807 5948 1879 6005 solus
1891 5946 2006 6013 sedicit:

1255 6056 1261 6086 ¹
1275 6054 1346 6117 oeda,
1358 6056 1397 6119 [ac
1407 6053 1459 6108 tili.
