4759 6684
403 529 455 588 latr

403 658 469 703 oues
479 659 538 716 nure
550 642 684 714 perierant
696 639 791 693 illimus
802 636 890 691 lsrael.
904 635 956 693 Sul
967 635 1027 706 quia
1039 643 1065 689 et
1078 630 1194 704 populus

400 750 482 807 uueor
497 751 549 791 uou
564 739 740 802 eogrrorernt,
755 729 903 785 serritmus
921 736 996 792 erat,
1018 725 1043 780 in
1066 721 1193 780 obauditu

400 829 473 884 auris
486 825 660 882 obauditurus
672 832 747 891 erat,
762 821 857 881 nendo
872 820 918 876 illo
932 819 1013 876 lacuit
1034 818 1069 874 ibi
1089 818 1190 875 consti·

401 929 483 977 tutus.
497 918 543 973 Ait
554 918 625 976 enirn
638 916 751 989 quodam
774 915 833 972 loeo
854 914 924 969 idem
938 912 1067 968 Dominus
1081 929 1088 966 :
1102 909 1191 967 lloim

398 1011 465 1067 olias
487 1026 545 1066 oues
564 1025 621 1079 qrroe
642 1025 694 1069 uon
714 1016 772 1063 suut
793 1007 825 1063 dc
846 1006 893 1061 boc
913 1003 991 1070 otili,·
1005 1011 1102 1076 oportet
1114 1019 1153 1059 ure
1166 1012 1191 1057 el

398 1110 446 1162 lter
459 1105 595 1170 adducere,
608 1110 633 1156 ut
645 1101 678 1156 sit
692 1117 757 1156 uuus
768 1116 830 1172 prex
842 1108 864 1153 ct
878 1115 944 1154 uitur
957 1106 1043 1169 postor
1055 1096 1144 1168 (loun.
1159 1111 1188 1163 a,

398 1197 432 1251 lli
446 1233 454 1249 .

433 1196 547 1347 ieeur
558 1287 638 1341 ill.-
647 1286 673 1341 u.
683 1286 833 1342 Cirououe‘ce
840 1284 1024 1356 perseuerantia
1031 1284 1058 1337 iu
1069 1281 1186 1354 petendo.

398 1382 464 1438 lude
475 1380 571 1437 mulier
584 1380 632 1435 istu
642 1387 712 1434 erar:
723 1377 783 1433 ideo
791 1393 844 1431 uon
851 1376 1080 1441 contemnebatur,
1088 1372 1188 1430 seddil·

396 1474 541 1530 ferebatur.
549 1469 886 1541 Nouauminquitmissur.
897 1468 946 1521 uisi
959 1466 994 1520 orl
1003 1483 1059 1521 ouer
1068 1480 1187 1537 prepet-

395 1567 478 1621 ieruut
494 1565 585 1619 dorum
599 1561 691 1617 lueri.
717 1562 751 1617 Et
768 1559 812 1616 iila
826 1557 965 1615 clamando
978 1557 1108 1623 instabat,
1124 1570 1186 1626 per·

395 1658 549 1721 serenabat,
564 1656 693 1727 pulsabat,
708 1664 832 1724 tanquam
845 1652 899 1722 jam
913 1650 1047 1713 audisset,
1060 1649 1142 1711 Peto,
1158 1655 1185 1703 et

394 1749 502 1818 uoeipe;
517 1763 616 1819 quaere,
630 1757 659 1801 et
672 1745 806 1810 iuvenies;
824 1742 914 1813 pulsa,
929 1750 957 1796 et
977 1740 1111 1810 aperietur
1125 1736 1183 1792 tibi.

394 1842 509 1907 instirit,
524 1841 650 1911 pulsauit.
665 1838 730 1893 Nom
744 1846 772 1892 et
785 1833 914 1892 Dominus
930 1834 1036 1904 qrrando
1048 1833 1114 1888 dirit
1126 1831 1184 1887 bare

393 1932 485 1996 verba,
500 1929 591 1993 Perire,
605 1938 629 1984 el
643 1929 789 1998 recipietia,·
803 1927 915 1997 querite,
930 1935 953 1979 et
967 1925 1113 1989 inseruerim
1125 1923 1183 1995 pul·

392 2032 455 2086 tale,
468 2030 491 2075 et
502 2019 706 2091 operieturrobis
714 2035 724 2082 ;
738 2034 819 2089 supra
833 2017 952 2083 dixerat,
966 2015 1054 2071 Nolite
1065 2024 1182 2091 rnrtctutu

392 2119 454 2170 dare
467 2115 579 2178 cordius,
595 2129 674 2182 nepus
688 2110 840 2183 projeceritis
853 2108 1003 2179 utorpuritoa
1016 2118 1111 2162 oearror
1123 2116 1182 2161 aute

392 2223 499 2278 porros;
513 2222 543 2258 ue
557 2209 621 2276 sorte
630 2203 775 2257 conculcent
788 2217 831 2254 eos
843 2198 946 2269 pedibus
958 2199 1020 2264 ruis,
1032 2207 1056 2251 et
1068 2197 1181 2251 cerami

391 2302 557 2368 disrumpant
566 2316 611 2354 roa
622 2290 746 2367 ι(Μιιιιιι.
762 2307 814 2356 uu,
831 2290 858 2355 7,
872 2289 900 2361 b)
912 2305 919 2342 ι
933 2288 959 2343 id
970 2297 1028 2352 est,
1042 2296 1103 2357 post
1115 2302 1180 2344 con-

391 2397 519 2459 temptum
533 2386 736 2457 margaritarum
746 2393 895 2440 uestrarum
908 2381 988 2437 etiam
1003 2381 1107 2437 molesti
1126 2379 1180 2436 sint

391 2481 476 2536 uobis.
489 2479 577 2535 Nolite
590 2492 655 2548 ergo
669 2475 720 2533 illis
733 2474 864 2545 projieere
875 2489 936 2544 quae
947 2481 1132 2528 contemnunt.

424 2572 469 2628 id.
489 2569 581 2626 Gentes
598 2584 676 2640 quere
689 2584 773 2622 cauea.
794 2566 829 2622 Et
840 2566 910 2622 uude
923 2566 1099 2622 discernimus
1111 2566 1180 2637 (iau-

387 2679 468 2735 quam
490 2659 693 2734 responderent)
710 2660 756 2730 qtri
779 2661 833 2715 siut
856 2660 940 2729 porei,
958 2660 1002 2730 qui
1015 2660 1179 2717 simeones?

388 2754 445 2809 lloe
455 2754 480 2808 iu
489 2754 540 2808 ista
549 2752 660 2807 muliere
669 2752 880 2806 demonstratum
891 2762 942 2806 est.
949 2751 1015 2807 Nam
1025 2753 1061 2808 illi
1071 2754 1177 2810 mulieri

386 2845 496 2902 insonti
513 2843 650 2913 respoudit
670 2842 721 2899 boe
735 2859 748 2895 :⁴
757 2841 818 2898 llou
831 2853 868 2898 ert
880 2843 973 2899 bouem
985 2844 1072 2900 tollere
1087 2861 1178 2917 punem

387 2937 513 3003 filiorum,
526 2946 550 2991 et
564 2933 661 2988 urium
672 2935 783 2988 cordbas.
799 2933 880 2990 Canis
892 2951 936 2999 es,
952 2951 1003 2990 uun
1015 2952 1046 2992 es
1056 2952 1089 2992 ex
1103 2937 1175 2994 Gen·

385 3028 472 3095 tibus,
492 3026 562 3082 idola
584 3024 690 3081 adoras.
704 3024 773 3093 Quid
785 3035 874 3080 auteur
887 3034 941 3081 tant
954 3026 1085 3084 familiare
1098 3032 1174 3086 eani-

385 3121 445 3189 bua,
459 3134 539 3191 quarn
552 3118 654 3190 lapides
671 3118 790 3188 liugerel
803 3117 865 3174 Nou
883 3128 919 3174 erl
936 3135 995 3190 erpo
1009 3122 1116 3189 mnam,
1129 3138 1176 3191 pu-

384 3229 441 3269 ucur
454 3214 566 3283 filiam
580 3212 683 3276 rodere,
698 3220 722 3265 et
735 3211 830 3265 uritterc
842 3211 955 3267 crnibus.
973 3210 1018 3267 liin
1031 3213 1053 3267 si
1066 3213 1175 3269 recede·

384 3309 426 3358 ret
439 3310 501 3373 post
511 3301 570 3358 haee
583 3303 673 3369 verba,
687 3303 762 3360 carris
771 3313 931 3369 subessent,
948 3304 1023 3359 canis
1035 3305 1174 3360 abseesse-

383 3402 444 3451 rata
458 3393 505 3449 sed
519 3393 660 3464 pulsando,
676 3393 757 3449 borno
780 3393 849 3449 luera
865 3403 907 3449 est
919 3409 952 3450 ea
964 3410 1031 3450 enno
1043 3398 1064 3448 ¹.
1078 3395 1174 3452 institit

380 3484 453 3538 enirn
466 3484 598 3553 petendo,
613 3493 641 3540 et
654 3499 688 3541 ex
701 3486 759 3555 ipso
770 3485 850 3541 ueluti
863 3486 983 3543 convicio
996 3488 1171 3546 humiditatem

380 3575 506 3645 ostendit,
518 3576 727 3633 misericordiam
742 3578 900 3648 impetrarit.
913 3579 1003 3650 Neque
1012 3582 1083 3637 enim
1093 3597 1170 3639 eorn-

380 3672 452 3719 mota
466 3674 521 3733 est,
536 3675 581 3721 aut
593 3667 760 3731 streeeusuit,
779 3669 850 3739 quod
864 3671 938 3726 carris
948 3671 1077 3741 appellata
1092 3674 1171 3731 luerit

378 3764 474 3826 prtem
493 3757 670 3826 benedcium,
690 3775 787 3830 rogans
809 3763 1019 3819 misericordiam
1032 3782 1039 3818 :
1052 3766 1099 3821 sed
1114 3767 1167 3834 ait,

380 3845 438 3913 lto,
453 3847 679 3905 Demiresdiristl
701 3865 745 3907 rue
765 3866 876 3916 enuem;
892 3854 971 3922 plane
993 3858 1067 3911 earnis
1089 3874 1166 3923 oum.

378 3952 497 4009 agnosco
518 3956 617 3997 nomen
640 3956 748 4008 meum;
774 3942 877 3998 Veritus
899 3945 1093 4017 loquiturzsed
1114 3954 1168 4006 uun

377 4030 464 4086 idooa
478 4030 608 4087 Mnodeio
625 4032 777 4105 repudienda
797 4051 865 4090 sum.
886 4037 999 4093 Prorsus
1017 4041 1109 4095 ernis:
1123 4044 1168 4097 red

376 4127 401 4173 el
418 4136 492 4174 cauea
514 4121 590 4176 edunt
611 4123 643 4176 de
664 4124 736 4178 unicis
749 4140 804 4194 pure
816 4126 910 4180 cedunt
929 4127 961 4181 de
976 4145 1062 4184 arsuro
1084 4131 1167 4186 eleusi·

376 4225 467 4264 uorum
490 4227 604 4268 suorum.
623 4213 755 4269 ilodieunr
777 4216 909 4285 quirddant
931 4227 958 4272 er
978 4221 1101 4290 exiguum
1120 4221 1166 4278 be·

376 4304 500 4361 redciom
521 4304 728 4364 desideroanon
746 4324 865 4366 mensam
880 4310 993 4378 inundo,
1013 4313 1060 4370 sed
1080 4315 1166 4373 rnieaa

374 4411 476 4466 quaero.

409 4488 522 4546 CAPUT
543 4490 639 4546 lli-
651 4493 695 4547 il.
713 4492 850 4550 berneium
863 4499 1038 4552 commendare
1055 4499 1082 4552 iu
1098 4499 1164 4554 clo·

373 4596 473 4635 aenea.
486 4581 581 4654 llupuo
592 4592 680 4637 contra
693 4586 835 4654 superbiam
847 4587 981 4656 inimicius,
992 4588 1062 4646 licus
1077 4593 1161 4648 domo.

374 4667 470 4726 videte
489 4671 712 4741 quemadmodum
742 4675 878 4733 humilitus
900 4682 1083 4737 commendata
1108 4693 1161 4740 ess.

369 4757 473 4814 tantem
488 4760 561 4816 illem
575 4763 819 4833 Dominusdixernt
833 4785 840 4833 ;
855 4784 908 4824 non
920 4771 1002 4840 dixit,
1014 4773 1072 4831 Non
1085 4788 1159 4846 surn;

369 4849 419 4904 sed
431 4849 515 4919 dixit,
532 4852 607 4909 Sum.
624 4854 657 4909 Et
671 4854 798 4912 Duniinus
811 4861 948 4933 continuo,
963 4864 1024 4932 quia
1036 4880 1066 4920 se
1078 4882 1162 4938 agno·

370 4941 407 4995 rit
421 4956 530 4999 canem:
546 4945 568 5000 0
583 4947 682 5013 mulier,
695 4964 787 5019 mapuo
796 4960 833 5005 eat
845 4952 908 5022 fidet
918 4955 980 5009 lue!
991 4958 1035 5025 fior
1044 4959 1089 5013 till
1097 4961 1161 5016 rictu

370 5033 463 5100 pericu.
482 5033 522 5090 'lu
536 5047 563 5092 re
575 5038 827 5109 aprorlsrieaueru,
850 5058 900 5114 ego
923 5053 949 5101 te
969 5046 1023 5118 lam
1044 5064 1160 5121 agnosco

367 5122 515 5179 bominem.
528 5126 660 5195 Omalier,
674 5146 766 5200 mopuo
778 5141 815 5186 est
823 5134 887 5204 fides
897 5138 960 5191 luc!
972 5140 1076 5207 petinii,
1090 5156 1160 5213 que·

366 5212 442 5280 siut,
456 5215 585 5284 pulsasti;
596 5218 699 5288 accipe,
713 5219 817 5291 inserui,
826 5225 964 5293 aperiatur
977 5229 1034 5285 tibi.
1053 5231 1155 5303 Videte,

366 5300 744 5375 siumeuroaemensium
756 5311 806 5369 bae
815 5315 928 5372 muliere
937 5333 997 5387 oum
1007 5320 1158 5382 Clrauanaea

368 5400 444 5458 ΕΜ,
456 5392 484 5448 id
499 5405 554 5462 est,
569 5413 628 5468 quse
642 5399 677 5456 de
689 5401 819 5459 Gentibus
834 5409 976 5478 renuebat,
996 5420 1024 5468 et
1044 5423 1154 5486 lypum,

366 5478 422 5538 ¹³⁰⁰
434 5491 485 5550 0⁸¹,
501 5485 612 5556 flsuram
626 5491 750 5548 liselesioe
763 5498 882 5565 gerebat,
893 5504 1009 5560 marimo
1020 5505 1156 5566 humilitas

365 5576 553 5631 menendum
562 5587 615 5633 est.
625 5580 732 5638 Etenim
746 5600 811 5655 pens
822 5587 931 5659 luder,
946 5604 975 5649 ut
987 5596 1021 5652 ab
1034 5599 1155 5671 Evange.

364 5659 405 5719 lb
417 5665 601 5736 repelleretur,
613 5673 737 5742 superbia
750 5676 839 5734 inflata
852 5690 902 5748 est,
916 5687 988 5755 quod
999 5687 1098 5761 Legem
1110 5706 1155 5749 ηρ.

391 5854 487 5987 :ffi
500 5874 602 5921 urmes
613 5874 730 5928 emersi.
741 5879 822 5942 Abest,
834 5896 944 5948 curem
961 5899 1000 5943 us.
1011 5896 1052 5946 ru.

494 5933 534 5980 n.
544 5931 615 5994 lund.
628 5941 687 5988 veo.
699 5945 764 6007 tor..
776 5943 933 6014 lmuosoctm
943 5968 1020 6010 cecc
1031 5973 1098 6015 cure.
1121 5971 1150 6015 u.

1024 517 1051 573 S.
1075 513 1255 571 nucusrrut
1276 516 1429 577 EPlSCOl‘l

1980 520 2038 580 l88

1248 634 1336 704 cipere
1350 637 1500 705 meruisset,
1512 640 1581 711 qtrod
1596 641 1629 696 de
1643 642 1697 714 ipsa
1709 653 1788 717 gente
1802 645 1964 708 ratrureter
1977 666 2044 727 pm-

1246 730 1392 797 cesserint,
1405 731 1544 803 Propbeau
1557 738 1725 807 exstiterint,
1746 739 1850 815 bloyses
1873 743 1920 800 bet
1944 730 2043 803 servus

1246 821 1372 877 miracula
1382 838 1475 895 magna
1486 867 1494 894 ,
1507 843 1565 898 quae
1579 830 1728 887 audirimus
1741 833 1767 888 in
1781 833 1898 905 Psalmo,
1911 838 1938 893 in
1950 836 2041 915 AEssy·

1245 920 1291 982 pto
1301 913 1409 981 lecerit,
1421 932 1469 988 per
1482 933 1557 975 mare
1569 919 1687 977 dlubrum
1699 925 1776 996 aquis
1786 926 1975 987 recedentium
1988 946 2041 1005 pp-

1243 1002 1334 1078 pulum
1347 1004 1470 1076 duxerit,
1484 1008 1582 1081 Legem
1604 1016 1838 1087 accipenserem
1858 1021 1917 1089 ipso
1938 1024 2040 1099 popula

1243 1095 1348 1153 dederit
1360 1097 1445 1169 (Ptol.
1453 1100 1509 1172 cv).
1521 1102 1584 1158 Erat
1595 1106 1665 1161 unde
1676 1107 1848 1166 extolleretur
1857 1127 1923 1183 pens
1931 1112 2038 1185 luda,

1242 1193 1269 1241 ot
1280 1201 1328 1256 per
1344 1187 1429 1260 ipsam
1448 1192 1601 1262 superbiam
1615 1194 1712 1251 laetum
1731 1208 1816 1255 estut
1833 1199 1941 1260 Cbristo
1953 1204 2040 1263 notua

1241 1275 1375 1335 humiliari
1384 1283 1485 1338 auctori
1500 1282 1668 1354 bumilitaris,
1681 1291 1828 1359 repressori
1843 1295 1967 1365 tumoris,
1979 1312 2039 1355 rue·

1240 1367 1300 1428 dieo
1322 1371 1388 1438 Deo,
1407 1374 1451 1444 qui
1474 1386 1585 1446 propter
1607 1379 1667 1445 bor,
1681 1395 1743 1436 cum
1760 1382 1830 1439 Deus
1850 1395 1939 1456 esset,
1952 1386 2037 1450 berun

1240 1462 1323 1516 lactus
1335 1471 1390 1530 est,
1408 1472 1436 1519 ut
1449 1480 1478 1520 se
1491 1466 1571 1522 bonno
1586 1468 1720 1525 bominem
1742 1485 1926 1545 cognosceret.
1937 1477 2034 1551 Napata

1239 1553 1379 1610 medicina.
1402 1556 1465 1613 lime
1488 1559 1619 1615 medicina
1640 1561 1663 1617 si
1682 1565 1837 1633 superbiam
1859 1583 1913 1624 nou
1935 1581 2033 1639 corat,

1238 1643 1300 1714 quid
1312 1660 1370 1700 earu
1385 1656 1460 1703 curet
1472 1650 1573 1704 nescio.
1587 1650 1656 1707 Deus
1668 1662 1720 1718 est,
1731 1662 1758 1709 et
1771 1654 1800 1710 dt
1812 1655 1894 1714 bomo
1907 1663 2034 1733 :sem

1237 1735 1413 1805 divinitatem,
1429 1739 1454 1794 id
1467 1748 1517 1807 est,
1533 1741 1729 1811 quodammodo
1738 1756 1899 1818 sequestrat,
1912 1749 1966 1807 boc
1979 1763 2031 1824 err,

1237 1828 1350 1885 occultat
1371 1830 1440 1901 quod
1460 1845 1536 1886 suurn
1558 1841 1630 1902 erat,
1645 1845 1754 1906 apparet
1766 1838 1836 1908 quod
1854 1854 1996 1913 aeoeporat
2010 1846 2032 1903 ¹.

1236 1918 1279 1974 Fit
1292 1920 1335 1975 ille
1350 1920 1440 1988 illusio,
1449 1937 1509 1977 euni
1520 1925 1555 1978 sit
1567 1925 1637 1980 Deus
1648 1943 1655 1979 ι
1667 1937 1694 1982 et
1707 1942 1759 1983 non
1771 1945 1800 1985 se
1810 1935 1931 2003 agnoseit
1945 1937 2031 1995 Ιιοιιιο

1237 2010 1390 2080 bominem„
1405 2012 1430 2067 id
1444 2022 1503 2079 est,
1516 2031 1568 2069 non
1583 2030 1613 2072 se
1628 2020 1766 2074 mortalem
1779 2024 1914 2093 agnoseit,
1929 2042 1988 2085 nota
2001 2042 2033 2086 se

1234 2103 1355 2171 agnoseit
1371 2103 1507 2174 irapileru,
1522 2122 1573 2162 uon
1589 2122 1619 2162 se
1634 2110 1754 2178 agnoscit
1776 2123 1960 2184 peecatorem,
1976 2134 2033 2177 ntrn

1234 2210 1264 2249 se
1275 2197 1397 2264 agnoseit
1409 2207 1556 2268 egrotum,
1573 2210 1602 2254 ut
1619 2214 1721 2272 qtrnrnt
1744 2203 1785 2258 rel
1805 2216 1922 2277 egrotus
1943 2212 2032 2277 rnedi-

1233 2287 1310 2340 ounr!
1324 2286 1373 2341 sed
1387 2287 1456 2357 quood
1472 2298 1511 2344 esr
1527 2291 1710 2359 periculosius,
1720 2308 1800 2351 sanus
1810 2297 1860 2353 sibi
1871 2299 1992 2362 ridetur!

1266 2377 1381 2434 CAPUT
1401 2379 1504 2436 tiu-
1518 2381 1671 2439 liladoeir
1694 2387 1725 2441 ol
1747 2391 1890 2460 superbiunt
1910 2396 2028 2467 njrcdr,

1234 2465 1324 2522 Graues
1339 2480 1442 2540 propler
1456 2473 1624 2528 lmmilitotcur
1646 2476 1673 2531 in
1696 2493 1782 2533 eoraur
1801 2481 1884 2536 locam
1901 2483 2029 2555 affare.

1233 2554 1329 2629 llopuo
1343 2559 1417 2627 fides,
1426 2560 1490 2615 rictu
1510 2579 1618 2633 pronum
1639 2565 1746 2636 arrapu.
1772 2567 1841 2641 Ergo
1856 2574 2030 2643 puopterlrot

1232 2648 1276 2705 ille
1292 2653 1404 2722 populus
1416 2668 1470 2711 nou
1483 2657 1612 2724 necessit,
1626 2657 1650 2713 id
1661 2667 1719 2723 est,
1734 2672 1842 2732 propser
1853 2666 2028 2735 superbiam:

1231 2749 1259 2796 et
1269 2740 1332 2797 dieti
1347 2752 1408 2798 sunt
1420 2759 1455 2800 eu
1468 2744 1564 2802 arbore
1577 2747 1662 2817 olem,
1677 2749 1728 2807 boe
1741 2759 1799 2819 est,
1816 2752 1851 2810 de
1865 2754 1912 2811 illo
1926 2758 2030 2828 popula

1230 2833 1420 2892 aPatriareltis
1439 2847 1548 2906 creato,
1571 2839 1647 2896 lracti
1671 2844 1738 2898 rarui
1757 2846 1908 2916 naturales,
1924 2848 1952 2905 id
1966 2861 2042 2922 est,-

1230 2924 1315 2981 luder
1330 2929 1425 2985 merito
1436 2931 1542 2986 steriles
1555 2932 1650 3004 spiritu
1661 2936 1811 3005 surperbire3
1822 2948 1848 2995 et
1864 2940 1890 2997 ia
1905 2940 1952 2999 illa
1964 2944 2027 3001 alea

1230 3015 1347 3072 insertus
1371 3027 1411 3074 est
1429 3022 1553 3078 oleaster.
1573 3023 1697 3081 oleaster
1711 3029 1823 3098 populus
1836 3046 1869 3087 ex
1881 3030 2026 3093 Gentibus.

1227 3108 1271 3164 Sic
1283 3108 1347 3165 dieit
1356 3112 1510 3183 Apostolus,
1522 3116 1593 3186 quod
1607 3118 1723 3174 oleaster
1734 3121 1849 3179 insertus
1859 3126 1893 3182 sil
1908 3126 1936 3183 iu
1949 3128 2024 3198 olea,

1228 3201 1295 3255 rami
1317 3210 1406 3257 atrteut
1429 3207 1563 3262 naturales
1579 3206 1654 3263 fracti
1668 3210 1732 3266 siut.
1746 3212 1785 3268 llli
1808 3213 1885 3272 fracti
1909 3230 2026 3291 propter

1227 3291 1382 3360 superbiam
1404 3309 1412 3346 ι
1437 3294 1553 3352 insertus
1573 3299 1689 3355 oleaster
1712 3313 1821 3375 propter
1841 3306 2025 3371 nundinia

1226 3379 1313 3450 (Rom.
1328 3398 1366 3447 rr,
1382 3384 1485 3456 liei).
1501 3386 1574 3444 llanc
1587 3389 1761 3449 bumilitatem
1780 3397 1939 3456 ostendebat
1960 3416 2024 3459 ιιι-

1226 3468 1284 3535 lier,
1298 3471 1408 3528 diceus:
1422 3474 1471 3542 lta,
1486 3478 1690 3548 bomine,eauls
1702 3500 1772 3552 sum,
1787 3487 1870 3545 unicas
1879 3490 2020 3553 desidero.

1226 3562 1254 3617 ln
1269 3561 1319 3619 bac
1332 3562 1481 3623 bumilitate
1490 3570 1569 3627 etiam
1577 3570 1704 3631 Centurio
1717 3577 1761 3632 ille
1770 3578 1871 3650 placuit
1882 3599 1890 3637 :
1901 3585 1948 3654 qui
1957 3599 2020 3645 eun

1224 3651 1390 3711 desideraret
1412 3675 1523 3729 puerum
1547 3677 1625 3719 suum
1640 3680 1655 3719 a
1670 3666 1783 3727 Domino
1803 3673 1908 3740 curari,
1920 3683 1949 3733 et
1962 3674 2020 3733 bo-

1223 3746 1311 3802 minus
1325 3748 1442 3817 diceret,
1456 3752 1512 3824 Epo
1524 3756 1621 3812 ueniam
1642 3767 1666 3813 et
1683 3761 1776 3817 carrio
1790 3779 1865 3830 carus
1877 3769 2020 3841 respondis

1221 3834 1277 3902 ille,
1292 3837 1410 3909 Dortiue,
1425 3859 1475 3897 stou
1489 3861 1545 3899 suut
1557 3847 1649 3918 diprrus
1661 3850 1705 3920 pai
1718 3851 1763 3907 rab
1775 3860 1866 3910 teclam
1878 3874 1962 3915 meaa
1974 3861 2017 3919 is·

1221 3939 1288 3998 tren
1309 3935 1353 3989 red
1370 3945 1467 3991 lmdutu
1489 3939 1530 3994 dic
1550 3942 1638 4010 reio,
1657 3953 1682 3997 ct
1701 3946 1832 4003 sonabitur
1849 3966 1917 4021 pur
1934 3969 2016 4011 urm.

1220 4019 1279 4077 Non
1291 4038 1350 4078 sum
1362 4024 1457 4097 dignus
1469 4029 1514 4099 qni
1525 4031 1576 4085 sub
1591 4041 1689 4088 tectum
1713 4050 1800 4093 nreum
1819 4038 1918 4097 intres.
1931 4042 2018 4103 ree·

1219 4126 1274 4167 uon
1297 4116 1459 4185 recipiebat,
1478 4119 1558 4175 eorde
1580 4134 1727 4195 temperat.
1749 4127 1853 4194 Quaado
1877 4130 2015 4205 bundlior,

1219 4211 1294 4259 tanto
1306 4208 1439 4276 capacior,
1457 4219 1530 4268 maro
1542 4213 1654 4282 plenior.
1669 4216 1760 4275 Colles
1771 4221 1842 4275 enirn
1856 4237 1954 4295 aquam
1970 4242 2015 4282 rs·

1217 4294 1338 4362 pellunt,
1351 4298 1436 4355 vallea
1452 4300 1603 4371 implentur.
1620 4305 1688 4374 Quid
1701 4308 1815 4376 deinde,
1831 4314 1896 4382 quid
1909 4315 1942 4371 ad
1960 4316 2015 4377 hes

1218 4383 1357 4453 Dominus,
1365 4398 1537 4462 posteaquam
1556 4394 1637 4462 dixit,
1650 4397 1712 4472 Nou
1725 4417 1782 4461 suut
1793 4403 1885 4476 mpura
1903 4408 1949 4479 pai
1967 4408 2014 4467 fl

1217 4485 1308 4533 rectum
1318 4496 1399 4535 iuream
1414 4483 1500 4552 inires,
1510 4486 1543 4540 ad
1553 4502 1600 4543 eos
1612 4491 1656 4560 qui
1669 4494 1945 4564 sequebantmmna
1955 4503 2014 4559 do·

1216 4567 1293 4635 uobis,
1308 4587 1358 4625 uon
1368 4573 1450 4628 iuuertr'
1464 4584 1560 4632 lautam
1573 4580 1649 4649 fiderit
1662 4584 1689 4637 iu
1700 4583 1802 4643 lsrael:
1813 4589 1840 4644 id
1853 4601 1908 4661 esi,
1922 4593 1950 4649 in
1964 4594 2013 4652 itio

1215 4660 1313 4731 populo
1325 4662 1358 4717 ad
1370 4680 1449 4735 quent
1463 4668 1541 4738 veni,
1556 4687 1607 4726 raon
1623 4673 1707 4731 inueni
1716 4685 1816 4734 torucor
1829 4682 1917 4751 fidem.
1938 4685 2011 4744 Tra·

1215 4759 1277 4816 rom,
1290 4753 1353 4823 quid
1366 4757 1425 4811 esti
1436 4758 1500 4814 Tam
1514 4776 1647 4832 maguam.
1661 4765 1738 4826 llsde
1752 4776 1893 4843 maenum?
1903 4778 1943 4836 De
1954 4783 2009 4838 mi·

1213 4842 1296 4907 nimo,
1313 4844 1402 4912 idest,
1416 4848 1450 4904 de
1466 4851 1613 4911 bumilitate
1623 4859 1761 4927 grandem.
1777 4862 1839 4921 uon
1850 4867 1938 4925 iuraui
1951 4881 2011 4929 tua-

1213 4941 1265 4988 tum
1274 4936 1353 5006 pidem
1363 4955 1373 4992 :
1385 4940 1499 4998 similem
1512 4960 1596 5016 prauo
1608 4949 1725 5020 sinapis,
1739 4966 1840 5025 emoto
1851 4963 2008 5037 minutim,

1213 5031 1286 5081 tauto
1306 5024 1470 5086 lusentiori.
1491 5031 1628 5093 luserebat
1647 5054 1711 5112 ergo
1720 5042 1775 5112 janu
1789 5046 1917 5108 [tunium
1932 5054 2009 5111 olea·

1211 5123 1296 5173 strum
1321 5118 1347 5174 in
1369 5120 1448 5177 oliva.
1461 5118 1536 5181 Tune
1550 5127 1602 5183 boe
1617 5129 1745 5202 iaciebat,
1758 5140 1865 5208 quando
1878 5144 2009 5216 dicebat,

1210 5206 1289 5262 Amen
1303 5210 1360 5265 dico
1374 5213 1457 5281 uelis,
1473 5232 1523 5270 uon
1537 5217 1621 5277 inrue
1634 5232 1731 5280 tentem
1742 5229 1820 5297 piam
1833 5233 1861 5287 t'rr
1870 5232 1970 5294 lsrael.

1245 5297 1357 5356 CAPUT
1370 5302 1514 5363 lle-is.
1528 5308 1649 5368 Cornelia
1666 5317 1693 5371 lu
1713 5336 1791 5391 repere
1813 5325 1933 5383 edm
1953 5348 2007 5390 ses

1209 5391 1541 5458 mpernndobuuelie
1550 5416 1725 5473 erpemeuuua
1734 5410 2007 5483 iudipeumsaniru

1209 5479 1287 5549 liujus
1298 5483 1355 5536 rite
1376 5483 1453 5559 ioupa
1477 5492 1610 5561 epurado.
1639 5497 1759 5571 lienique
1790 5505 1850 5562 rme
1865 5511 1940 5581 qood
1960 5529 2006 5571 as-

1208 5571 1381 5639 quirendum
1399 5577 1456 5633 dico
1470 5582 1538 5636 robis
1549 5582 1561 5656 (
1571 5586 1631 5655 qtria
1645 5606 1695 5644 aaa
1707 5592 1790 5649 iuveni
1807 5607 1905 5654 tmen
1924 5603 2005 5673 fids·

1207 5659 1234 5714 iu
1249 5660 1372 5728 lunelid
1387 5678 1441 5733 est,
1455 5679 1555 5729 mittun
1569 5692 1629 5732 oum
1644 5679 1696 5736 lide
1710 5682 1919 5764 humilitatenit
1934 5693 2002 5752 lan

1207 5749 1263 5804 dico
1275 5752 1352 5820 uobis,
1364 5759 1422 5827 quio
1436 5762 1508 5815 ruelii
1521 5763 1552 5817 ul
1565 5768 1661 5825 oriente
1671 5782 1695 5826 ra
1706 5776 1835 5834 occidente
1843 5783 1964 5855 uuest,
1977 5799 2003 5844 rt
2083 5786 2088 5795 ’

1235 5967 1297 6022 'sie
1308 5981 1346 6024 us.
1365 5975 1404 6027 rb.
1423 5987 1452 6030 u
1475 5982 1549 6043 edri,
1565 5987 1629 6045 uice
1644 5997 1746 6052 apponet
1767 6007 1904 6064 ecoeperru
