4759 6684
330 539 399 596 tttts

325 651 414 707 minei
430 650 498 719 Quid
523 659 579 714 est,
596 648 665 717 Quid
693 644 854 702 mabsam!
869 642 1035 714 ilepcndam.
1062 642 1116 697 Pro

324 756 376 815 qna
386 742 432 797 rel
447 739 501 794 Pro
512 740 628 794 ontmbsa
639 754 695 808 que
707 738 821 791 retribuit
832 737 904 789 amet.
915 735 983 803 Quid
996 735 1118 791 retribuit

324 834 408 891 ruiitil
423 833 511 887 Primo
525 831 590 886 niliil
604 846 690 896 eram,
706 838 732 884 et
745 829 808 884 iecit
819 844 875 894 tno;
890 829 1033 898 perierant,
1044 844 1118 896 qnae-

324 928 386 985 sivit
400 941 458 989 me;
471 937 595 993 quarens
604 922 705 977 inuenit
719 938 773 987 mc,
788 921 921 992 captivom
934 919 1047 976 redemit
1056 934 1109 979 ine,

325 1029 443 1090 emptum
470 1015 592 1072 liberarit
618 1029 676 1080 nte,
692 1012 726 1068 tle
743 1029 821 1068 seruo
841 1011 950 1066 fratrem
973 1009 1036 1066 iecit
1063 1026 1116 1064 tne.

326 1110 396 1176 outa
416 1106 553 1163 retribuum
570 1104 696 1159 Pontiae?
709 1103 765 1159 Noa
788 1104 870 1158 babes
883 1101 953 1173 quod
976 1101 1117 1157 retribuas.

324 1201 438 1270 Quando
451 1199 486 1254 ab
505 1199 552 1254 iiio
575 1207 659 1252 totum
682 1207 830 1266 exspectas.
857 1194 919 1265 qnid
939 1195 1021 1250 babes
1040 1195 1119 1248 rotri-

327 1290 428 1347 buercl
440 1287 494 1345 Sed
515 1296 662 1356 exspecta:
679 1286 770 1340 nescio
790 1284 854 1355 quid
873 1285 927 1338 ruit
949 1284 1050 1339 dicere.
1065 1282 1120 1338 Cnr

327 1378 659 1453 quartadecimanorum
675 1375 783 1431 Dourino
797 1392 843 1446 pro
852 1376 968 1429 ominbus
979 1389 1034 1444 qaue
1048 1373 1121 1427 retri-

327 1471 380 1525 buit
401 1469 485 1524 aiiii?
504 1467 728 1535 circumspiciens
746 1465 863 1535 undique
886 1464 950 1535 quid
974 1463 1119 1527 retribuat,

327 1561 403 1633 qnasi
414 1561 523 1615 iiircnit.
532 1558 600 1625 Quid
610 1556 729 1611 inveniti
738 1554 846 1611 Calicem
856 1555 976 1610 salutaris
986 1555 1120 1625 accipiam.

330 1654 488 1709 ibstriituere
501 1651 656 1720 cogitabas,
672 1648 760 1703 adlnte
774 1649 893 1719 accipere
911 1649 1019 1719 queris.
1035 1646 1120 1711 Pide,

329 1760 407 1816 regn.
419 1744 447 1801 Si
460 1743 548 1800 adbuc
560 1741 681 1811 accipere
695 1740 810 1810 qnaeris,
827 1738 915 1794 adimo
934 1738 1039 1794 debitor
1049 1738 1120 1802 eris;

327 1833 434 1906 quando
460 1831 621 1889 retributor?
647 1830 676 1886 Si
702 1844 766 1901 erqo
788 1845 895 1900 semper
918 1828 1023 1884 debitor
1049 1828 1120 1890 cris,

327 1924 434 1996 quando
457 1922 605 1979 retribues?
616 1920 675 1977 Non
698 1920 801 1976 inians
815 1920 885 1990 qnod
900 1920 1032 1974 retribuas
1047 1934 1055 1972 z
1071 1918 1121 1972 uisi

327 2015 400 2087 qnod
413 2014 526 2078 dederit,
540 2029 593 2069 non
604 2011 725 2068 babebis.

367 2107 394 2161 7.
418 2104 501 2160 Uarro
524 2104 556 2158 de
578 2119 626 2158 aaa
650 2119 701 2158 aaa
723 2101 795 2157 dalet
820 2102 870 2156 ariri
894 2100 1061 2156 irretrdacium.
1076 2100 1122 2155 i'i·

328 2195 379 2262 de,
408 2195 513 2266 qnando
538 2192 654 2260 dicebas,
671 2191 738 2257 Quid
760 2191 913 2246 retribuam?
938 2191 971 2246 ad
985 2190 1048 2245 iilud
1064 2204 1123 2259 pcr-

331 2287 399 2342 tinct
428 2283 499 2355 quod
528 2282 634 2349 dixisti,
663 2280 752 2335 Urania
784 2281 857 2334 botrio
882 2279 991 2335 mendas
1020 2276 1119 2350 (Pani.

328 2392 394 2444 car,
418 2375 526 2444 lt-ts).
548 2372 599 2439 not
618 2372 690 2427 enitn
708 2371 822 2427 uoluerit
838 2370 929 2426 dicere
951 2370 1012 2441 quia
1038 2369 1122 2424 retri-

330 2466 396 2523 buet
418 2462 516 2533 aliquid
537 2462 611 2529 ileo,
625 2460 738 2517 ntendm
758 2468 799 2514 est
825 2459 931 2531 (munia
947 2459 982 2513 ab
998 2457 1044 2513 illa
1062 2472 1124 2527 spe·

329 2554 414 2611 raitda
427 2563 504 2618 sunt;
514 2569 529 2608 a
540 2553 617 2609 uobis
628 2552 694 2622 ipsis
706 2559 802 2621 prater
814 2551 890 2605 ilium
904 2549 970 2605 nibil
989 2549 1040 2605 nisi
1053 2547 1124 2605 iorte

330 2646 494 2717 pecatum),
510 2653 537 2699 ει
548 2642 714 2698 ruendaeium
726 2641 760 2696 de
770 2655 819 2696 suo
832 2640 958 2711 loquitur.
971 2640 1039 2697 Vere
1048 2641 1125 2711 plene

329 2736 366 2793 de
377 2751 428 2791 suo
441 2733 559 2788 abnmiat
574 2733 672 2796 boiiio;
687 2730 856 2787 mendacium
868 2730 977 2786 omnino
991 2730 1035 2787 bie
1047 2730 1127 2787 babet

329 2834 359 2883 et
377 2824 530 2880 tbesaumm
551 2822 773 2877 mendaciorum:
798 2835 846 2874 cor
867 2835 946 2876 suum
965 2822 1124 2889 mentiatur,

331 2927 460 2989 quantum
475 2925 581 2987 potest,
596 2930 649 2969 raon
659 2914 768 2979 delicit,
783 2913 863 2984 lingat
878 2912 1007 2983 quidqu
1020 2922 1124 2985 potest,

332 3010 477 3069 mentiatur
495 3008 623 3081 quidquid
641 3016 738 3078 potest.
763 3006 869 3075 Quare?
882 3005 949 3073 Quia
962 3005 1033 3077 quod
1044 3007 1126 3077 gratis

332 3104 431 3171 babet,
445 3102 480 3159 de
491 3116 521 3158 sc
535 3101 628 3167 babet,
644 3115 696 3155 non
715 3098 779 3155 iliud
800 3098 876 3154 emit.
889 3096 1003 3166 Quande
1020 3097 1127 3155 venitur

331 3196 367 3253 ad
379 3196 528 3262 ara-ritatem,
543 3195 566 3251 si
581 3209 660 3249 verax
674 3193 811 3259 vuitcsse,
826 3206 880 3247 non
891 3191 944 3246 erit
954 3189 988 3246 de
1003 3205 1063 3245 suo.

367 3286 480 3345 CAPUT
501 3286 544 3342 t't.
557 3316 592 3326 -
606 3285 718 3340 iicndax
733 3284 829 3340 Petrus
848 3282 883 3338 de
901 3298 962 3344 suo.
977 3282 1028 3344 Ubi
1051 3301 1127 3345 men.

332 3379 407 3439 dasi
422 3377 546 3435 Promisit
569 3376 647 3433 andis
669 3375 796 3434 ilorninns
818 3379 971 3449 passionem
988 3388 1033 3434 :et
1050 3379 1126 3448 dicit,

333 3476 406 3531 esar
420 3482 488 3538 nte,
502 3488 552 3526 noa
565 3472 611 3541 put
625 3470 699 3524 iliud.
715 3468 803 3524 Oiamir
817 3470 893 3525 Aetne
912 3469 1032 3526 madae·
1051 3470 1128 3527 Unde

333 3567 470 3625 tuendarl
481 3564 568 3635 ipsum
586 3562 727 3617 nouitium
748 3561 829 3617 audi:
846 3560 986 3632 lionaapic
1006 3579 1063 3634 quer
1079 3561 1128 3619 Dei

329 3668 402 3721 unt,
417 3657 462 3711 scd
480 3670 536 3727 qua
554 3664 612 3708 sum
639 3653 756 3711 bonane.
785 3652 871 3711 l'etax
902 3661 992 3709 autem
1011 3653 1127 3711 Petrust

332 3748 459 3820 quattdol
474 3744 514 3800 Tu
530 3762 556 3800 aa
571 3743 685 3799 Citriatns
699 3742 783 3798 Filiae
796 3742 843 3798 Uei
856 3743 915 3797 riui.
929 3742 1006 3799 Unde
1021 3744 1069 3799 ista
1080 3758 1128 3798 re·

334 3839 400 3897 ritas
415 3835 515 3891 bomini
528 3831 669 3889 mendacii
696 3832 765 3887 Eece
779 3831 949 3897 iromodieit,
964 3830 1003 3886 Tu
1013 3848 1039 3887 es
1052 3831 1128 3887 Ciui-

333 3940 391 3985 attta
404 3925 485 3999 filias
499 3924 546 3980 net
559 3925 616 3979 oiri.
633 3923 698 3991 Quis
712 3923 796 3979 dieiti
806 3923 911 3981 Petrus.
928 3922 996 3991 Quid
1009 3931 1066 3979 erat
1078 3922 1129 3978 Pe·

335 4016 413 4085 trusi
430 4016 533 4083 Uerno,
546 4015 592 4087 qui
613 4014 680 4071 dixit
703 4029 806 4070 uerum.
827 4013 918 4081 Certe,
944 4012 1035 4070 Omnis
1055 4015 1130 4071 Aorno

336 4106 457 4165 maias.
479 4107 548 4163 Eece
559 4144 568 4173 ,
580 4119 644 4161 ecee
658 4105 746 4175 timna
760 4103 817 4174 ejus
827 4120 834 4169 ;
845 4118 909 4161 eece
924 4103 1012 4174 lingua
1025 4103 1059 4160 de
1078 4104 1130 4161 liu·

336 4214 391 4272 gua
410 4198 470 4268 eius
493 4214 501 4250 ι
528 4195 675 4268 quomodo,
700 4193 789 4250 Ouinia
808 4195 882 4249 itomo
899 4193 1029 4250 mederi
1049 4193 1128 4261 Audi,

335 4292 399 4364 quta
418 4286 508 4345 Uatiae
529 4289 604 4343 Aemo
624 4287 750 4353 mendae,
769 4285 830 4358 quia
846 4284 881 4342 tie
894 4301 954 4343 sno·
976 4287 1047 4358 Ergo
1059 4287 1130 4344 unde

337 4382 434 4439 Petrus
446 4380 547 4437 amari
564 4378 634 4434 Audi
648 4379 732 4449 ipsam
748 4378 888 4434 imitatem
904 4375 1019 4433 rideatur
1032 4394 1069 4443 es,
1084 4377 1130 4434 Si-

337 4488 399 4529 matt
412 4470 556 4529 ilar-iona.
571 4469 649 4527 Unde
661 4469 772 4525 beatnsl
782 4469 815 4524 de
829 4469 899 4524 suol
910 4468 1000 4525 Absit!
1012 4469 1132 4536 Quintili

338 4580 392 4619 aas
412 4562 528 4617 rmiarit
544 4577 605 4615 caro
618 4570 641 4615 et
659 4561 780 4632 aaapub,
795 4560 840 4615 arti
861 4559 939 4614 Pater
958 4577 1028 4616 aneas
1049 4577 1131 4634 quieta

338 4656 410 4711 cerlis
423 4662 460 4709 eat
471 4651 577 4726 (aaran.
591 4668 654 4717 xm,
667 4652 714 4719 ἢ,
727 4652 774 4719 23,
790 4652 834 4717 lb,
846 4651 902 4722 li).

376 4743 406 4798 8.
421 4742 578 4796 Laudandus
593 4740 660 4796 Dens
672 4758 738 4796 nane
748 4750 771 4796 et
784 4758 891 4813 semper.
904 4741 1055 4799 iaudentns
1066 4757 1132 4813 ergo

341 4834 494 4899 bontinam,
506 4832 654 4887 charissimi
665 4874 673 4899 ,
686 4832 823 4888 laudemus
833 4834 915 4889 licam
927 4875 934 4898 ,
947 4833 1068 4893 dicamus
1081 4835 1130 4891 Al·

341 4924 431 4978 ieiuia.
443 4922 627 4993 Siqtiiileemus
639 4923 697 4977 istis
708 4922 802 4978 dicbus
813 4922 882 4977 diem
898 4925 956 4980 sino
969 4926 1037 4990 ilne;
1050 4926 1133 4996 siqni-

341 5017 454 5071 uanam
464 5015 552 5069 ιοειιειι
564 5013 782 5078 immortalitatis,
794 5023 898 5083 tempus
909 5014 1130 5080 immortalitatis:

340 5106 497 5160 festinemus
508 5103 542 5158 ad
556 5102 664 5159 donatam
677 5117 813 5158 aternani.
829 5103 900 5157 ilenti
918 5106 961 5172 qai
980 5104 1092 5161 dabiram
1105 5107 1132 5159 ia

340 5196 531 5259 macomeria
551 5196 644 5251 mertia
664 5197 813 5249 samiorum
834 5194 972 5251 madebunt
995 5206 1020 5251 te
1045 5196 1130 5267 libai.

341 5300 442 5341 cassan
454 5327 462 5350 ,
473 5286 511 5355 5).
534 5283 589 5340 lex
601 5285 682 5350 dicit,
695 5284 831 5354 Scriptura
848 5285 913 5340 dicit
924 5328 932 5352 ,
942 5287 1041 5341 veritas
1056 5286 1130 5342 dicit.

344 5375 454 5432 i'enturi
469 5389 561 5431 sumus
573 5375 605 5430 ad
620 5375 729 5431 domum
746 5376 810 5442 bei,
823 5391 883 5446 quae
898 5384 940 5431 εει
954 5376 981 5431 in
993 5376 1079 5433 eoeiis.
1093 5376 1131 5431 ibi

341 5483 397 5523 noa
424 5466 613 5537 quinquaqinta
645 5467 740 5522 diebus
766 5467 849 5521 Deum
874 5466 1057 5533 laudabimus;
1085 5467 1132 5525 sed

341 5557 566 5631 quemadmodum
586 5561 713 5629 scriptam
734 5568 792 5623 εει,
808 5560 835 5613 in
853 5558 947 5615 iacula
970 5561 1131 5617 tarataram.

343 5648 522 5716 Videbimus,
535 5650 701 5717 amabimus,
716 5650 891 5706 laudabimus.
908 5650 965 5707 Nee
977 5652 1047 5723 qnod
1061 5652 1133 5708 ride-

344 5740 433 5795 bimus
446 5740 561 5807 deliciet,
578 5758 627 5799 ram
641 5741 711 5812 qnod
721 5741 868 5796 astabimus
880 5741 985 5812 peribit,
1001 5757 1049 5797 nee
1061 5741 1135 5812 quod

342 5829 512 5887 iandabbnns
541 5832 638 5887 tacebit
654 5849 661 5895 ;
680 5833 871 5903 sempiternum
890 5840 973 5887 toturn
987 5832 1056 5898 erit,
1075 5833 1134 5890 siue

343 5920 398 5977 ime
412 5922 472 5978 erit.
492 5922 661 5989 inridemus,
678 5923 830 5990 iandcmus;
845 5923 891 5980 sed
910 5938 962 5979 amn
976 5924 1039 5981 solis
1061 5925 1132 5981 roci·

1035 530 1150 587 seinte
1169 530 1265 586 calta:

1170 645 1230 709 itus,
1248 642 1386 698 laudemus
1398 651 1424 697 et
1443 642 1562 698 moribus
1575 660 1581 693 z
1593 640 1682 697 laudet
1695 641 1722 694 li.
1732 656 1782 709 qua
1793 683 1802 709 ,
1815 642 1903 699 landet
1921 647 1961 699 ri·

1170 744 1213 799 ta;
1228 735 1273 789 scd
1290 733 1386 788 lrabeat
1398 733 1554 789 citaritmem
1568 730 1707 786 inlinitum.
1721 731 1847 787 (butersi
1861 733 1893 786 ad
1907 732 1956 788 Uo

1170 825 1343 891 attinmn,etc.

1408 912 1522 968 sstttto
1541 909 1629 967 cest
1649 914 1658 934 '
1678 907 1726 984 (a).

1380 1031 1405 1073 ua
1415 1025 1503 1075 dioiaus
1511 1021 1670 1084 rmcbdibas,
1683 1035 1749 1072 xxrr.

1481 1121 1519 1176 lie
1531 1119 1650 1175 Alleluia.

1207 1235 1320 1291 CAPUT
1341 1234 1528 1291 PiliilUii.-
1549 1237 1572 1289 i.
1588 1234 1716 1301 Aurinia,
1741 1236 1841 1307 piorum
1867 1236 1907 1290 nic
1920 1252 1964 1291 so·

1172 1327 1278 1391 iatiuan,
1300 1325 1355 1380 raia
1378 1326 1425 1380 crit
1439 1329 1505 1380 actio
1520 1326 1658 1381 beatacnm.
1674 1327 1803 1396 Quoiam
1819 1327 1901 1380 anlttit
1914 1326 1965 1379 ilo-

1173 1417 1272 1482 minns,
1298 1427 1327 1471 ut
1349 1406 1513 1471 libaritatem
1537 1426 1652 1471 uestram
1675 1418 1703 1471 in
1726 1416 1838 1472 Alleluia
1859 1416 1964 1469 uidere-

1173 1523 1232 1563 mus
1246 1509 1294 1579 (ὁ),
1306 1508 1340 1562 de
1355 1508 1467 1562 Alleluia
1482 1509 1558 1563 robis
1568 1508 1677 1563 verbum
1690 1509 1829 1565 debemus.
1841 1508 1899 1564 Non
1914 1509 1965 1562 sina

1172 1599 1259 1661 (neri,
1272 1599 1294 1652 si
1309 1612 1491 1653 commemoro
1503 1599 1574 1670 qnod
1590 1600 1673 1655 nostis
1687 1619 1693 1654 :
1708 1600 1769 1671 quia
1782 1610 1809 1655 et
1821 1600 1906 1670 ipsam
1918 1600 1965 1655 Al-

1175 1689 1253 1745 iciuia
1268 1689 1387 1760 qttutidie.
1399 1688 1524 1756 dicimus,
1539 1699 1566 1745 et
1584 1691 1702 1759 qnotidie
1720 1691 1891 1746 delectamur.
1911 1690 1965 1746 iio·

1173 1781 1223 1836 stis
1235 1782 1306 1837 enim
1321 1783 1383 1852 qnia
1395 1780 1520 1847 Aliciuta,
1533 1783 1612 1837 latiue
1623 1782 1719 1837 dicitnr
1730 1782 1847 1837 Latrdate
1861 1782 1943 1837 &aar
1958 1800 1966 1837 ι

1174 1881 1203 1929 ει
1215 1874 1242 1928 in
1256 1875 1305 1928 boe
1317 1872 1398 1928 aerbo
1410 1885 1590 1928 consonantes
1602 1889 1650 1929 ore
1661 1881 1690 1928 ct
1700 1874 1897 1929 consentientes
1908 1888 1967 1928 eor-

1174 1965 1217 2026 de.
1234 1965 1408 2020 exirortamur
1429 1980 1478 2020 nos
1501 1965 1614 2022 inuicem
1635 1965 1668 2020 ad
1692 1965 1851 2020 laudandum
1872 1965 1965 2020 [lenm

1174 2054 1243 2109 iiam
1260 2062 1363 2109 tanturn
1379 2053 1460 2108 honio
1480 2069 1590 2109 securus
1612 2054 1723 2118 iaudat,
1746 2055 1790 2123 qui
1812 2069 1864 2108 non
1889 2054 1968 2107 itabat

1176 2145 1245 2199 uncie
1260 2143 1410 2214 displiceat.
1427 2143 1460 2197 Et
1474 2141 1501 2197 in
1516 2143 1566 2198 itoe
1586 2141 1695 2213 quidem
1715 2153 1834 2212 ternpore
1853 2145 1969 2213 peregri-

1175 2234 1292 2291 nationis
1307 2245 1407 2290 nostrae
1419 2233 1453 2290 ad
1468 2233 1592 2289 solatium
1606 2232 1695 2288 viatici
1709 2233 1822 2289 dicimus
1837 2233 1948 2288 Alleluia
1960 2251 1967 2295 ;

1175 2325 1256 2380 niodo
1269 2324 1347 2379 nobis
1361 2325 1474 2379 Alleluia
1488 2325 1622 2380 canticum
1635 2331 1677 2381 est
1690 2324 1819 2379 viatoris:
1835 2324 1969 2379 tendimus

1175 2426 1263 2472 autern
1292 2432 1339 2486 per
1362 2418 1431 2470 riam
1454 2416 1614 2470 laboriosam
1638 2414 1672 2470 ad
1696 2414 1813 2485 quietam
1837 2416 1966 2487 patriam,

1177 2507 1221 2562 nbi
1234 2506 1357 2561 retractis
1368 2506 1494 2562 omnibus
1508 2506 1658 2561 actionibus
1679 2505 1787 2572 nostris,
1807 2521 1861 2562 non
1880 2523 1969 2563 reina-

1177 2599 1250 2653 nebit
1263 2598 1312 2652 uisi
1325 2598 1448 2653 Alleluia.

1213 2687 1328 2744 CAPUT
1346 2687 1377 2744 ii.
1392 2718 1427 2729 -
1440 2688 1467 2742 2.
1484 2687 1576 2744 Uaria
1594 2697 1620 2744 ει
1633 2686 1743 2744 lartitoe
1760 2689 1858 2744 diuersa
1878 2691 1968 2760 officia.

1178 2776 1257 2833 istam
1271 2787 1373 2848 partem
1387 2779 1572 2834 suavissimam
1591 2779 1640 2838 sibi
1656 2779 1737 2834 iiaria
1755 2779 1889 2851 eiaperat,
1910 2796 1970 2852 qua·

1177 2867 1298 2935 enabat,
1313 2868 1439 2933 discebat,
1462 2868 1604 2924 laudabat:
1620 2869 1720 2924 iiartba
1736 2884 1799 2925 vero
1812 2885 1888 2925 soror
1900 2870 1968 2940 ejus,

1178 2959 1250 3015 cirea
1265 2959 1379 3030 pluritas
1394 2959 1480 3015 luerat
1494 2971 1630 3031 occupata.
1647 2960 1775 3032 Equidem
1797 2963 1891 3033 agebat
1913 2978 1969 3018 rem

1178 3052 1369 3118 neeessariam,
1380 3051 1428 3108 sed
1441 3067 1493 3107 nan
1506 3066 1705 3123 permansuram
1718 3070 1725 3106 τ
1736 3053 1832 3124 agebat
1843 3068 1899 3110 rem
1909 3055 1968 3117 aia,

1178 3144 1296 3201 noandum
1310 3146 1402 3216 patriae
1414 3164 1421 3200 :
1434 3145 1529 3217 agebat
1539 3161 1594 3200 rem
1609 3145 1837 3219 peregrinationis,
1851 3145 1968 3207 nnndttm

1178 3236 1367 3314 possessionis.
1381 3242 1541 3312 susceperat
1554 3244 1626 3298 cuim
1648 3243 1799 3308 bantinum,
1812 3250 1840 3299 ει
1857 3259 1905 3300 eos
1923 3248 1968 3316 qni

1179 3346 1240 3388 cum
1256 3333 1302 3389 iilo
1314 3341 1399 3389 erant.
1411 3333 1446 3388 Et
1457 3333 1583 3388 [lominus
1593 3349 1702 3389 curarem
1716 3333 1848 3391 babebat:
1862 3345 1888 3391 ει
1902 3337 1969 3392 sieut

1179 3440 1229 3497 pro
1239 3424 1315 3480 uobis
1325 3424 1617 3496 dignatusestcarnem
1635 3425 1781 3495 suscipere,
1796 3424 1833 3480 ita
1848 3424 1971 3497 dignatas

1179 3517 1330 3575 estesurire
1341 3526 1369 3573 et
1378 3518 1462 3572 sitire.
1481 3517 1551 3573 iiten
1560 3532 1594 3572 eo
1603 3518 1674 3587 quod
1686 3515 1859 3588 dignatusest
1868 3520 1972 3574 esurire

1180 3620 1208 3667 ει
1223 3612 1308 3675 sitire,
1321 3610 1443 3679 dignatos
1457 3618 1499 3663 est
1513 3608 1584 3678 pasci
1604 3609 1638 3664 ab
1651 3608 1691 3663 eis
1704 3623 1772 3678 quos
1785 3609 1842 3678 ipse
1859 3608 1970 3664 ditavit:

1181 3700 1306 3770 dignatas
1320 3706 1361 3755 εει
1374 3698 1485 3768 suscipi,
1505 3712 1558 3752 non
1585 3697 1683 3768 inopia,
1700 3697 1746 3752 sed
1760 3699 1855 3769 qratia.
1870 3700 1973 3770 spelm

1179 3805 1246 3863 erqo
1255 3789 1357 3846 iiartlia
1367 3788 1437 3859 quod
1449 3788 1598 3858 pertinebat
1607 3788 1641 3845 ad
1653 3789 1840 3845 necessitatem
1852 3791 1970 3846 esttrien·

1182 3884 1247 3939 tium
1263 3891 1289 3938 et
1302 3881 1471 3936 sitientium:
1491 3881 1603 3951 parabas
1620 3882 1822 3939 conuersatione
1842 3883 1970 3950 sollicita,

1180 3972 1252 4045 qnod
1268 3970 1472 4026 utatrtiuearetur
1483 3980 1510 4026 et
1522 3969 1658 4028 biberetur
1671 3986 1687 4027 a
1702 3971 1801 4029 satietis
1820 3982 1847 4029 ει
1865 3975 1900 4031 ab
1914 3975 1971 4045 ipsa

1181 4062 1281 4120 Sancto
1296 4067 1449 4116 sanctorum
1464 4060 1490 4116 in
1511 4060 1592 4117 domo
1614 4061 1673 4132 ejus
1694 4061 1779 4132 (bae.
1800 4079 1838 4132 x,
1858 4064 1970 4136 38⁴2).

1181 4152 1304 4224 iiaqtrum
1319 4166 1396 4222 opus,
1412 4150 1459 4206 sed
1475 4152 1667 4206 tauritorium.
1684 4152 1815 4225 Numquid
1830 4156 1932 4211 esurire
1945 4165 1972 4209 et

1181 4245 1257 4302 sitire
1269 4257 1377 4314 semper
1396 4242 1466 4298 eriti
1480 4241 1592 4311 Quando
1614 4243 1802 4300 irritambimns
1824 4245 1972 4316 punctam

1182 4335 1220 4391 illi
1232 4343 1260 4390 et
1274 4333 1475 4404 perlectissitna
1488 4333 1610 4402 bonitati,
1625 4349 1677 4389 non
1692 4336 1743 4391 erit
1756 4350 1838 4406 quare
1851 4338 1859 4368 ⁸
1873 4337 1972 4392 seruire

1182 4425 1345 4481 necessitati.
1368 4422 1443 4479 Beati
1455 4423 1564 4489 erimus,
1586 4424 1658 4479 nulio
1676 4424 1839 4498 indigentem
1860 4428 1972 4483 tnnliunt

1183 4514 1324 4581 babentes,
1337 4513 1404 4570 nihii
1418 4524 1578 4585 quaerentes.
1594 4514 1628 4570 bt
1640 4514 1703 4586 quid
1722 4525 1762 4571 est
1776 4517 1846 4588 qaod
1861 4516 1972 4576 habebi·

1182 4620 1253 4672 rnus,
1266 4615 1295 4661 ut
1307 4602 1373 4661 nibil
1386 4604 1559 4676 quaeramus?
1575 4604 1652 4660 Dixi:
1667 4605 1737 4676 quod
1749 4608 1866 4676 creditit,
1880 4618 1972 4681 postca

1183 4696 1309 4753 ridebitis
1319 4699 1340 4751 ¹.
1354 4696 1430 4766 Quod
1449 4710 1513 4769 erqo
1532 4696 1657 4768 diximus,
1679 4700 1791 4756 maritum
1806 4701 1934 4761 babentes
1947 4715 1975 4761 et

1184 4787 1252 4845 nlltii
1266 4798 1428 4859 quaerentes,
1441 4787 1467 4844 ld
1482 4797 1533 4852 εει,
1549 4788 1621 4844 nullo
1634 4788 1798 4861 indigentem
1811 4793 1874 4864 qnid
1886 4804 1928 4851 εει
1939 4795 1975 4867 ip

1183 4892 1243 4935 snm
1257 4876 1329 4948 quod
1344 4876 1774 4937 babebimnsisertieatibussibi
1790 4883 1870 4949 Dens,
1885 4886 1975 4942 colei.-

1184 4967 1254 5023 tlbns
1266 4981 1338 5032 eum,
1352 4965 1524 5023 credentibus
1541 4967 1567 5022 ia
1587 4982 1660 5035 eum,
1680 4972 1848 5041 sperantibus
1860 4974 1886 5027 ln
1901 4988 1974 5041 eura,

1182 5059 1333 5115 amantibus
1346 5075 1407 5115 enm
1421 5058 1484 5129 quid
1498 5058 1590 5114 (labili

1219 5149 1332 5206 CAPUT
1345 5147 1453 5205 itt-s.
1461 5148 1588 5219 Beneficia
1596 5149 1643 5204 Uei
1650 5151 1676 5204 ia
1686 5161 1802 5207 emarcet
1810 5154 1886 5209 ionas
1896 5165 1975 5211 atara

1216 5262 1322 5323 tanta,
1354 5272 1473 5326 quarere.
1506 5259 1589 5311 stelles
1610 5268 1693 5311 autem
1723 5265 1894 5316 cerunneusls
1918 5275 1975 5327 its..

1184 5334 1307 5444 widin,
1324 5382 1390 5445 nial,
1403 5383 1467 5456 quoti
1477 5382 1500 5434 ai
1509 5381 1619 5443 amiur,
1629 5390 1711 5457 panea
1720 5383 1934 5459 credimusne,
1943 5389 1973 5449 cs,

1183 5458 1198 5495 a
1216 5452 1258 5495 ιιε.
1277 5452 1441 5495 vermadensi.
1456 5451 1538 5515 itaque
1549 5448 1665 5506 verbum,
1681 5454 1862 5513 ban,resprett
1884 5449 1915 5500 ad
1932 5463 1972 5501 su·
2042 5460 2048 5473 ·

1185 5508 1309 5579 perierem
1310 5507 1477 5619 fflm'
1488 5504 1658 5559 mimmius
1673 5506 1811 5573 pariam
1820 5508 1857 5562 ilii
1866 5515 1890 5561 ct
1899 5514 1976 5577 perse·

1184 5574 1680 5683 ‘manummerias
1698 5644 1737 5697 pr.
1755 5638 1782 5682 et
1799 5633 1824 5683 iu
1843 5632 1976 5687 bilint’ar.

1182 5696 1255 5876 Ἴὶι)
1268 5750 1526 5827 lastemnam.
1586 5815 1592 5827 ,

1229 5813 1361 5926 *atrita
1375 5876 1391 5924 a
1406 5826 1615 5940 entim
1626 5814 1978 5943 “dmum

1187 5935 1211 5985 ie
1246 5939 1266 5986 is
1277 5939 1331 5986 maii
1342 5938 1465 5989 celebrata
1476 5946 1523 5990 eat.
