4759 6684
405 572 421 604 ,

402 684 509 741 satrahit
520 697 577 739 eos.

340 815 344 824 -
437 774 552 831 tutetur
572 771 724 827 xit-tt
746 767 878 836 Quomodo
893 768 960 823 oculi
974 776 1106 821 sariuntur.
1123 763 1202 820 Stare

342 853 345 857 Δ
402 860 491 921 dorum
513 863 584 933 quid.
604 861 746 928 Quomodo
768 861 839 916 ertita
863 869 991 915 sanamur
1005 857 1075 912 oculi
1095 855 1201 911 nostrii

402 954 541 1025 Quomodo
555 968 603 1024 per
618 953 697 1008 iidem
715 952 845 1007 sentimus
864 950 1009 1006 Christum*
1017 955 1200 1003 transeuntem

403 1044 542 1113 totupmrali
563 1043 778 1112 dispensatione;
809 1045 847 1095 sic
866 1041 1042 1110 intelligamus
1063 1038 1200 1093 Christum

402 1145 517 1192 stantem
537 1134 747 1189 inconuautabili
763 1134 919 1187 eternitate.
942 1130 979 1186 lhi
1001 1132 1071 1185 enim
1092 1138 1201 1184 sanatur

401 1225 506 1290 oculus,
520 1225 626 1295 quaudo
640 1225 793 1294 intelligitur
807 1222 904 1278 Christi
917 1222 1051 1277 dit-initas.
1068 1220 1200 1289 Percipiat

401 1315 454 1372 hoc
476 1315 598 1371 Charitas
616 1324 727 1371 uestra:
751 1315 878 1370 attendito
898 1313 968 1384 qttod
992 1313 1077 1367 diuam
1098 1311 1199 1382 grande

401 1415 607 1463 sacramentum.
631 1407 725 1460 (lautia
749 1406 1025 1476 tetrtp1atalitot·gesta
1046 1419 1061 1457 a
1087 1402 1199 1458 Domino

401 1506 494 1553 nostro
508 1496 571 1553 lesu
585 1497 709 1562 ctu-isto,
727 1496 804 1550 iulum
818 1495 895 1550 nobis
910 1496 1040 1549 inserunt.
1056 1492 1199 1548 Credimus

402 1593 429 1647 in
445 1591 540 1646 Filium
556 1590 618 1655 Dei,
635 1605 688 1644 non
702 1591 787 1643 solum
802 1590 827 1642 in
842 1588 958 1643 Verbum
971 1601 1019 1656 por
1037 1584 1107 1656 qrtod
1129 1584 1197 1638 hacta

401 1690 464 1737 snut
483 1682 587 1746 omnia;
601 1679 648 1734 sed
664 1679 689 1734 in
709 1680 795 1750 ipsam
820 1677 936 1732 Verbum
953 1675 1052 1730 tectam
1066 1688 1196 1737 caruem,

402 1783 432 1825 ut
452 1771 582 1826 habitaret
604 1770 631 1824 in
652 1769 743 1835 rtnbis,
759 1778 849 1823 natum
871 1766 905 1822 dc
926 1766 1028 1835 uirgine
1049 1765 1148 1831 hiatio,
1171 1772 1199 1818 et

399 1872 497 1917 cetera
509 1877 569 1932 qtrm
583 1860 648 1916 ltdes
662 1861 751 1925 habet,
767 1876 827 1930 quae
842 1858 919 1912 nobis
943 1857 1060 1911 exhibita
1076 1866 1155 1923 suat,
1170 1864 1198 1911 ut

402 1953 523 2008 Christus
542 1953 687 2018 transiret,
715 1961 742 2004 ot
762 1961 791 2004 ut
814 1949 879 2004 caeci
900 1949 1011 2018 uestigia
1036 1947 1198 2001 transeuntis

399 2043 558 2106 audientes,
582 2041 730 2096 olantarent
752 2040 899 2108 operibus,
922 2039 976 2093 vita
1005 2038 1197 2107 professionem

403 2132 462 2187 littei
482 2139 733 2186 comatemorantca.
758 2130 816 2183 lam
840 2136 870 2183 ιιι
891 2128 1037 2184 clamantes
1058 2137 1196 2194 sanentur,

401 2238 453 2284 stat
466 2228 554 2283 lesus.
569 2225 674 2280 Etenim
688 2224 743 2294 jam
759 2231 873 2278 stantem
887 2221 959 2277 ridet
972 2220 1081 2286 lesum,
1097 2221 1140 2292 qni
1153 2221 1195 2276 di·

399 2320 456 2376 cit:
471 2317 506 2373 Et
524 2319 546 2373 ri
558 2333 705 2371 noueremus
719 2313 846 2372 Christum
867 2313 1004 2369 nocturnium
1018 2330 1118 2367 cuiatem
1131 2354 1138 2378 ,
1152 2314 1197 2367 ted

350 2452 353 2456 Α
401 2413 454 2479 irim
473 2426 540 2464 nuttc
559 2425 610 2463 uon
624 2408 739 2462 nouimus
754 2404 788 2476 (ΙΙ
802 2405 860 2459 Cor.
880 2421 912 2470 v,
934 2404 989 2474 to).
1006 2404 1103 2459 Christi
1125 2406 1196 2460 euim

400 2503 565 2559 divinitatem
583 2498 707 2565 ridebat,
720 2505 847 2569 quantum
863 2497 888 2551 in
905 2497 954 2551 hae
971 2497 1023 2550 rita
1036 2504 1133 2568 potest.
1151 2497 1198 2550 list

402 2595 526 2650 diuinitas
550 2591 666 2655 Christi,
691 2599 732 2645 ost
753 2589 903 2644 buntartitas
926 2587 1035 2642 Christi.
1067 2587 1197 2642 hitiaitas

400 2695 469 2753 stat,
495 2684 646 2740 hnmanitas
669 2682 775 2736 transit.
799 2679 867 2748 Quid
888 2688 946 2745 est,
974 2678 1100 2734 ottradus
1121 2680 1196 2734 stat?

400 2780 458 2834 Non
473 2786 599 2840 mtttatur,
617 2791 669 2830 non
684 2773 851 2838 convellitur,
865 2786 918 2826 non
931 2770 1040 2826 recedit.
1053 2770 1111 2824 Nun
1124 2771 1195 2826 enim

400 2871 439 2925 sie
449 2868 485 2923 ad
494 2883 542 2923 nos
555 2866 644 2933 uenit,
659 2874 686 2920 ut
698 2879 713 2918 a
727 2865 804 2919 Patro
814 2861 964 2917 diseederet
977 2879 983 2916 :
997 2877 1047 2916 nee
1057 2861 1092 2915 ita
1103 2875 1196 2917 ascen·

399 2962 454 3027 dit,
469 2970 498 3014 ut
510 2960 570 3014 loco
582 2966 744 3012 moreretur.
758 2957 901 3024 Assutnpta
912 2968 992 3009 carno
1004 2954 1023 3019 ¹,
1037 2953 1123 3008 locum
1137 2968 1196 3008 mu·

399 3056 464 3109 tavit
477 3071 483 3108 :
499 3052 567 3107 Deus
578 3057 666 3105 autem
678 3063 818 3104 assumens
827 3063 946 3113 carnem,
960 3046 1021 3117 quia
1033 3047 1059 3101 in
1072 3046 1131 3102 loeo
1142 3062 1194 3103 non

398 3156 455 3213 est,
478 3159 528 3200 nec
541 3152 626 3199 mutat
640 3143 738 3196 lactant.
753 3141 905 3211 Tangatmrr
924 3148 1011 3194 stante
1023 3136 1194 3205 Christusa-

400 3248 497 3296 nentur
514 3237 584 3293 oculi
600 3236 693 3290 austri.
713 3233 766 3290 Sed
787 3247 900 3305 qrtorum
913 3231 1004 3286 oculii
1018 3230 1195 3287 clamantium

399 3329 515 3396 scilieet,
529 3342 590 3382 cura
612 3326 724 3381 transit:
745 3323 848 3391 idest,
871 3323 940 3378 bene
964 3324 1131 3392 operantium
1148 3337 1196 3390 pet·

398 3436 457 3478 eam
472 3419 566 3482 hdem,
585 3432 645 3488 qaas
662 3416 815 3487 dispensata
834 3423 875 3470 est
889 3413 1072 3485 temporaliter
1085 3412 1118 3467 ad
1130 3427 1194 3467 eru-

398 3510 510 3567 diendos
523 3524 574 3564 uos
586 3508 722 3579 parrulos.

433 3601 478 3657 15.
499 3599 604 3654 Sanatis
618 3607 707 3652 autent
725 3596 827 3660 oculis,
849 3595 912 3665 quid
934 3594 1076 3665 pretiosius
1095 3592 1194 3649 ltabere

395 3691 555 3763 poterimus,
565 3689 676 3743 iratres?
687 3688 787 3742 humen
798 3688 849 3742 hoo
859 3687 1002 3758 quivident
1013 3686 1084 3756 qttod
1095 3685 1194 3742 lactum

394 3794 456 3853 est,
469 3781 541 3855 quod
554 3780 636 3852 fulget
649 3780 684 3836 de
698 3781 784 3846 coelo,
798 3780 841 3835 rel
855 3779 925 3851 quod
944 3779 1086 3835 oxltihetur
1098 3778 1132 3832 do
1151 3779 1194 3832 la·

395 3874 621 3947 commeandum.
637 3872 672 3928 Et
683 3871 817 3940 attnmodo
832 3871 923 3927 miseri
937 3870 1070 3934 ridentur,
1084 3869 1129 3941 qui
1144 3869 1195 3923 hoc

397 3971 490 4025 vidore
504 3984 556 4024 non
573 3967 703 4039 posstmt?
716 3965 773 4036 Ego
788 3975 876 4020 atatem
891 3980 973 4035 quaro
988 3965 1098 4034 loquor,
1113 3976 1195 4032 qttnre

396 4062 448 4117 ista
463 4061 537 4126 dico,
559 4060 609 4114 nisi
624 4068 652 4112 ιιι
666 4058 757 4114 horter
776 4072 869 4112 omncs
887 4072 933 4110 ros
952 4056 986 4110 ad
1009 4055 1193 4116 elautamlum,

395 4171 459 4212 outa
468 4154 563 4209 transit
571 4151 664 4208 lesus?
675 4151 772 4206 ercem
781 4149 940 4204 commendo
948 4147 1087 4202 Sattotitati
1097 4155 1195 4200 vestrm

396 4245 549 4312 amandam,
562 4259 643 4316 quarm
657 4243 725 4297 iorte
739 4256 790 4296 non
804 4239 909 4296 videtis.
922 4237 1039 4303 Credite,
1052 4237 1114 4291 dum
1128 4253 1196 4291 nam·

396 4337 461 4393 dum
477 4336 590 4400 uidetis:
606 4344 633 4390 et
646 4335 775 4398 claruate,
791 4341 819 4386 ut
834 4330 954 4386 videatis.
969 4329 1072 4396 Quanta
1088 4336 1196 4398 putatur

399 4428 538 4485 irtlolicitas
553 4428 699 4493 hominum,
713 4427 757 4497 qui
773 4427 857 4480 larem
871 4426 948 4478 istam
958 4421 1124 4493 corporalem
1138 4435 1191 4475 non

399 4519 510 4575 rident?
525 4519 682 4574 Ercaecotus
697 4526 738 4574 ost
752 4517 864 4586 aliquis:
882 4515 1008 4570 contiuuo
1022 4514 1129 4577 dicitur,
1142 4513 1196 4566 lta-

341 4618 346 4625 '
398 4621 455 4666 tum
472 4611 555 4665 ileum
569 4608 674 4673 habuit,
691 4606 790 4676 aliquid
811 4606 873 4660 mali
892 4605 1036 4660 commisit.
1059 4604 1114 4659 lloc
1128 4618 1196 4657 ιιιιιιι·

399 4700 489 4755 ‘lobia
501 4698 606 4754 dicebat
617 4697 685 4750 viro.
699 4694 838 4751 Clatnabat
850 4694 893 4748 ille
907 4705 1016 4763 proptor
1030 4693 1148 4758 haedmn,
1161 4707 1195 4747 ue

397 4791 517 4848 desorto
536 4799 625 4852 esset:
640 4788 747 4843 uolebat
761 4800 856 4841 sotrum
877 4785 939 4841 iarti
961 4787 1094 4842 audirem
1114 4788 1195 4843 tlottto

397 4897 447 4939 sua
463 4898 469 4935 :
490 4881 534 4935 illa
550 4878 697 4935 defendens
716 4877 813 4931 lactum
827 4893 919 4940 suum,
935 4877 1080 4947 opprobrio
1098 4893 1195 4948 percu·

399 4972 482 5028 tiebat
502 4970 643 5027 maritum:
663 4979 691 5025 et
704 4984 765 5023 mant
778 4969 822 5024 ille
835 4968 953 5033 diceret,
969 4966 1099 5033 Reddite,
1117 4967 1140 5022 si
1160 4968 1195 5025 dn

399 5064 538 5131 lunoes13
552 5062 596 5118 illa
606 5059 786 5132 respondebat
798 5059 938 5126 insultans,
953 5058 1003 5115 llbi
1014 5066 1075 5113 aunt
1084 5058 1195 5127 justitia:

400 5166 453 5213 aaa
466 5154 540 5227 (roo.
556 5171 591 5221 tt,
604 5155 636 5211 il
649 5195 657 5222 ,
669 5152 738 5226 hill
751 5151 836 5220 Quam
845 5165 916 5207 ecca
929 5158 1003 5216 erat,
1018 5164 1078 5220 que
1095 5148 1194 5203 ltrrtam

397 5247 574 5306 deleadebat:
588 5256 617 5304 et
626 5261 705 5317 qrram
719 5245 805 5300 lucem
814 5241 938 5309 uidebat,
951 5241 996 5314 qui
1010 5239 1109 5296 lartum
1119 5239 1194 5296 reddi

398 5339 562 5412 imperabatl
579 5338 625 5395 llla
637 5345 695 5393 erat
708 5335 773 5391 ioris
785 5335 813 5390 in
825 5335 885 5390 lace
896 5333 961 5389 stalis
973 5350 980 5388 :
996 5332 1042 5388 ille
1054 5341 1112 5387 erat
1125 5333 1196 5387 intus

400 5436 427 5490 ia
440 5435 499 5489 luce
509 5431 630 5502 justitiae.
645 5429 711 5499 Quia
724 5444 816 5485 eorum
831 5435 890 5484 orat
902 5427 927 5482 in
941 5426 1001 5481 luco
1015 5425 1146 5480 meliore?

434 5523 549 5581 ChPUT
560 5522 631 5578 hil.
640 5521 727 5577 -lb
743 5518 801 5574 tto
812 5519 914 5574 interior
924 5533 982 5571 aaa
994 5516 1084 5572 oidlili
1092 5531 1196 5586 compu-

400 5625 480 5671 mntr.
497 5614 537 5670 tto
558 5614 626 5670 hanc
641 5614 745 5679 lacem,
764 5610 880 5677 iratres,
899 5608 1040 5666 amandam
1057 5609 1196 5671 hortamur

400 5706 575 5765 bileetioaem
589 5715 726 5769 rostram:
743 5710 772 5760 ut
783 5702 904 5760 clametis
913 5702 1037 5774 opterihos
1048 5743 1055 5767 ,
1066 5715 1127 5758 oum
1143 5702 1195 5758 ba·

401 5798 489 5854 minus
500 5799 612 5856 transit:
629 5806 705 5854 sonet
717 5811 768 5852 roa
778 5795 857 5862 ildei3
874 5804 902 5850 nt
916 5802 990 5851 stans
1003 5791 1092 5858 Jcstts,
1106 5792 1194 5857 idest,

359 5886 370 5914 ³
402 5889 627 5949 lnootnmmahilis
647 5904 759 5946 maneas
778 5888 825 5945 hel
846 5887 997 5959 Sapientia,
1023 5893 1051 5942 et
1071 5883 1196 5957 majestas

434 6000 579 6054 ¹tattcloraa
593 6009 662 6057 uss..
673 6006 794 6064 uamtnpto
804 6012 871 6052 curo.

404 573 456 626 oli
1028 561 1056 616 S.
1078 556 1260 615 tutabatur
1278 554 1428 612 trtscotu
2002 554 2055 613 558

1257 670 1334 725 Verbi
1349 671 1408 735 llei,
1426 687 1472 740 per
1485 671 1554 741 quod
1565 668 1633 725 hacta
1647 680 1708 726 sttut
1721 669 1827 736 nuttria,
1842 669 1944 740 aperiat
1959 672 2055 729 oeulos

1255 771 1367 816 vestros.
1384 761 1456 817 idem
1473 762 1570 818 Tobios
1589 778 1701 818 mitraeus
1721 764 1803 818 hlium
1827 778 1923 832 suum,
1944 765 1980 820 ad
2002 766 2055 823 hoo

1254 855 1378 908 nturtebat
1392 864 1419 909 ut
1437 855 1584 909 clamaret:
1601 854 1625 909 hl
1641 867 1699 920 est,
1715 854 1748 909 ad
1764 856 1831 910 bona
1851 869 1933 924 opera
1957 870 2053 912 mone-

1255 945 1307 998 bat.
1324 945 1432 1000 {licebat
1447 945 1484 999 ihi
1500 954 1528 1001 ul
1548 945 1623 1000 duret
1641 947 1815 1015 pauperihus,
1839 947 2013 1017 praecipiebat
2026 958 2053 1005 nt

1253 1037 1437 1108 eleemosynas
1450 1035 1550 1092 laceret
1564 1037 1756 1107 indigentibus,
1770 1047 1797 1092 et
1809 1038 1922 1094 rtueebat
1935 1040 2030 1096 uterus
2044 1060 2053 1096 :

1256 1126 1317 1195 Fili,
1327 1127 1491 1198 olcctuosputc
1500 1142 1550 1180 nou
1561 1127 1689 1181 aittuutire
1697 1128 1723 1181 itt
1732 1130 1845 1183 terrebraa
1856 1128 1932 1201 (tm.
1941 1145 1980 1194 tv,
1993 1130 2051 1203 ill.

1252 1217 1399 1271 cornutum
1414 1218 1591 1287 percipiendae
1609 1228 1688 1287 atque
1702 1219 1853 1274 obtinenda:
1874 1220 1942 1274 luris
1963 1236 2052 1278 cauom

1252 1307 1340 1360 ululant.
1356 1307 1536 1379 Eleemosynae,
1554 1309 1652 1378 inquit,
1669 1326 1719 1363 uon
1734 1310 1819 1363 citarat
1833 1312 1871 1365 irc
1884 1312 1911 1365 ia
1922 1313 2050 1368 terremt-

1252 1399 1277 1453 Si
1294 1398 1319 1452 ei
1334 1400 1402 1454 iilius
1416 1401 1589 1470 responderet
1603 1402 1729 1467 miratus,
1744 1400 1812 1469 Qrtid
1826 1416 1901 1473 ergo,
1918 1414 2006 1472 pater,
2021 1410 2050 1459 tu

1251 1491 1435 1563 eluentnsyuas
1450 1506 1502 1546 non
1517 1492 1615 1558 iecisti,
1631 1501 1658 1545 ιιι
1672 1492 1752 1547 ιιιοιΙο
1764 1507 1851 1547 caetis
1867 1494 2008 1564 loquaris?
2021 1502 2049 1551 tu

1251 1598 1321 1638 rtrmc
1332 1600 1420 1638 ruurue
1431 1585 1455 1637 iu
1467 1585 1583 1639 tenebris
1593 1599 1631 1649 es,
1647 1585 1691 1652 qui
1703 1584 1766 1638 mihi
1779 1584 1856 1644 dieis,
1871 1584 2047 1657 Elecutoaynae

1251 1691 1301 1728 nou
1312 1675 1396 1729 riurmt
1408 1676 1445 1730 ire
1457 1677 1482 1729 iu
1498 1677 1630 1730 teneoras?
1640 1676 1753 1732 Natrerat
1764 1677 1808 1732 ille
1818 1677 1852 1731 de
1864 1692 1916 1747 aaa
1931 1678 1989 1733 lare
2000 1680 2047 1734 do·

1251 1777 1323 1821 ceret
1338 1768 1435 1833 lilium,
1449 1779 1558 1823 not-erat
1571 1771 1596 1824 iu
1612 1770 1738 1824 interiore
1753 1770 1861 1825 homine
1881 1770 1954 1840 quod
1969 1771 2044 1827 ride·

1251 1859 1304 1913 hat.
1322 1858 1403 1915 Filius
1416 1860 1483 1930 patri
1497 1861 1646 1930 porrigebat
1659 1876 1782 1926 manum,
1796 1870 1825 1916 nt
1837 1861 1987 1918 ambularet
1997 1878 2045 1935 per

1253 1960 1367 2015 terram:
1384 1960 1411 2006 et
1426 1960 1499 2021 pater
1512 1952 1575 2017 illio,
1589 1962 1618 2006 nt
1634 1951 1767 2007 habitaret
1780 1953 1806 2006 in
1821 1953 1901 2007 emin.

1288 2044 1330 2097 tt.
1352 2040 1519 2097 Clutttondum
1546 2043 1611 2096 inter
1634 2042 1719 2096 turdos
1743 2043 1854 2097 cluutarc
1875 2042 2046 2113 prohibentes.

1252 2133 1378 2198 Brea-iter,
1396 2141 1423 2186 ut
1436 2133 1601 2197 concludam,
1617 2132 1724 2200 iratres,
1741 2148 1891 2189 sermonem
1908 2135 2001 2202 istum,
2013 2151 2045 2193 er

1249 2239 1282 2277 eo
1294 2223 1363 2293 qrtod
1378 2238 1426 2278 nos
1440 2224 1580 2294 plurimum
1596 2224 1679 2294 tangit
1692 2233 1770 2295 atquo
1783 2225 1869 2294 augit,
1885 2226 1974 2282 ridete
1986 2240 2046 2282 csse

1251 2313 1341 2367 turbas
1355 2329 1414 2383 apua:
1428 2313 1571 2383 corripiant
1583 2311 1669 2369 emens
1681 2316 1835 2370 etarnaous.
1849 2314 1951 2372 Otnttes
1963 2319 2046 2389 quiin

1250 2407 1300 2458 hae
1321 2406 1396 2460 turba
1418 2405 1505 2460 sanari
1521 2406 1618 2470 tultis,
1644 2422 1696 2461 nou
1718 2423 1765 2463 ros
1786 2408 1962 2466 deterreant:
1985 2412 2046 2482 quia

1250 2497 1324 2551 turriti
1339 2506 1400 2551 snat
1414 2497 1521 2552 nomine
1535 2497 1687 2564 christiani,
1703 2505 1731 2555 et
1744 2501 1871 2570 oporibus
1884 2502 1978 2572 bapti:
1993 2518 2046 2559 nun

1248 2603 1296 2643 ros
1308 2587 1486 2643 deterreanta
1501 2588 1577 2643 banis
1589 2590 1723 2660 operibus.
1737 2589 1855 2647 Clamate
1869 2591 1942 2648 inter
1954 2593 2048 2650 turbas

1249 2691 1467 2750 conopeseeates,
1482 2690 1654 2750 reuocantes,
1670 2677 1847 2751 insultantes,
1864 2685 1936 2740 malo
1951 2686 2032 2743 rirott

1249 2781 1299 2829 tes.
1313 2772 1371 2829 Nm
1384 2774 1455 2829 enim
1467 2773 1532 2829 solis
1544 2775 1653 2830 roribus
1666 2777 1847 2845 comprimunt
1861 2776 1948 2832 bonos
1960 2777 2046 2833 Chri·

1248 2866 1349 2919 stiuttos
1368 2866 1447 2931 mali,
1466 2865 1512 2921 sed
1532 2874 1559 2921 et
1575 2867 1651 2922 malis
1664 2866 1800 2937 operibus.
1813 2867 1871 2923 Non
1884 2869 1943 2924 vult
1957 2868 2047 2926 bonus

1247 2955 1413 3013 Christianus
1426 2959 1464 3014 ire
1477 2968 1607 3029 spectare.
1623 2958 1679 3016 lloc
1694 2962 1778 3030 ipsum
1789 2960 1861 3032 quod
1876 2961 1966 3018 lreaat
1978 2978 2046 3021 con·

1247 3049 1437 3119 cupiscentiam
1452 3065 1544 3118 suum,
1558 3066 1593 3107 ae
1613 3060 1703 3123 pergat
1721 3053 1755 3107 ad
1775 3053 1930 3121 theatrum:
1947 3056 2048 3114 elamat

1248 3153 1308 3213 post
1320 3143 1471 3209 Christum,
1494 3148 1591 3199 elamat
1605 3153 1634 3200 ut
1647 3154 1764 3200 sanetur.
1783 3146 1834 3201 Alii
1855 3156 2045 3215 concurrunt,

1247 3234 1295 3290 aad
1309 3233 1378 3289 iortc
1397 3235 1509 3306 hagani,
1525 3233 1594 3291 iurte
1614 3235 1708 3291 ludai.
1725 3234 1779 3292 lmo
1800 3251 1864 3293 aero
1888 3245 1943 3293 tam
1969 3238 2047 3309 pauel

1247 3336 1338 3382 ossertt
1358 3326 1383 3381 ia
1406 3327 1530 3392 theatris,
1554 3336 1583 3383 ut
1604 3328 1786 3385 erubescendo
1807 3328 2000 3401 discederent,
2023 3330 2046 3388 sl

1247 3415 1388 3471 Christiani
1403 3416 1436 3470 ad
1451 3417 1552 3472 tlteatra
1567 3434 1619 3473 non
1630 3419 1798 3475 accederent.
1809 3419 1928 3475 Currant
1941 3436 2009 3494 ergo
2019 3431 2047 3479 et

1247 3509 1294 3575 illi,
1307 3518 1443 3579 portantes
1451 3510 1570 3564 sanetum
1582 3525 1678 3566 nomon
1693 3511 1726 3566 ad
1737 3526 1843 3581 poenam
1853 3526 1941 3567 suam.
1951 3512 2046 3569 Clama

1248 3614 1311 3671 ergo
1325 3616 1377 3655 ιιιιιι
1400 3598 1502 3668 eundo,
1518 3616 1641 3671 promens
1660 3602 1687 3656 ia
1700 3601 1781 3658 cordo
1803 3611 1848 3657 tuo
1863 3603 2046 3677 temporalem

1247 3690 1505 3760 concupiscentiam
1522 3699 1549 3746 et
1569 3700 1630 3746 tene
1649 3701 1675 3746 te
1687 3693 1714 3746 in
1729 3694 1846 3748 elamore
1860 3691 1924 3749 iord
1939 3702 1969 3749 et
1985 3708 2048 3765 pa·-

1247 3781 1380 3836 sereranti
1393 3780 1425 3835 ad
1439 3796 1518 3836 aures
1529 3781 1689 3850 saltatoris,
1706 3794 1735 3839 ut
1748 3793 1801 3839 stet
1810 3784 1909 3851 destas,
1925 3795 1953 3840 et
1971 3792 2048 3842 earet

1249 3884 1281 3929 to.
1298 3872 1369 3928 luter
1382 3872 1452 3943 ipsas
1466 3873 1555 3928 turbas
1573 3873 1676 3941 clama,
1692 3892 1726 3931 ne
1740 3877 1867 3948 desperes
1887 3878 1922 3934 de
1934 3879 2048 3936 sartum

1249 3964 1363 4020 llontiui.
1379 3963 1435 4019 Non
1448 3965 1520 4020 euim
1534 3973 1561 4021 et
1574 3966 1610 4021 illi
1625 3966 1689 4022 eceei
1703 3983 1736 4023 er
1751 3968 1796 4023 illa
1814 3976 1889 4039 parte
1903 3970 2047 4026 clamare·

1248 4065 1326 4121 runt,
1340 4057 1386 4112 ubi
1401 4057 1477 4112 turba
1492 4072 1545 4112 non
1559 4067 1634 4126 erat,
1650 4068 1678 4113 ut
1691 4075 1724 4115 ex
1739 4075 1770 4116 ca
1783 4069 1860 4131 parte
1873 4061 2045 4129 audirrmtnr,

1248 4148 1291 4202 ubi
1317 4165 1368 4203 non
1393 4160 1465 4204 essct
1487 4149 1706 4220 impedimentum
1733 4152 1944 4223 prohibentium.
1973 4152 2047 4211 lutor

1248 4241 1318 4311 ipsas
1330 4241 1419 4296 turbas
1433 4241 1632 4297 clamaverunt:
1648 4250 1676 4298 et
1691 4252 1778 4298 tamea
1791 4244 1919 4300 Dominus
1930 4244 2045 4301 audivit.

1247 4332 1292 4388 Sic
1301 4340 1328 4388 ot
1340 4347 1389 4387 tos
1403 4333 1482 4388 ctiam
1497 4332 1566 4388 inter
1578 4345 1733 4404 peccatores
1746 4344 1773 4390 et
1786 4335 1965 4405 luxuriantes,
1977 4340 2047 4398 inter

1248 4433 1380 4479 amatores
1394 4423 1563 4478 secularium
1577 4424 1742 4493 vanitatum,
1757 4413 1938 4495 ibielamate,
1956 4439 1986 4485 ιιι
2000 4444 2046 4487 aa·

1249 4524 1294 4570 net
1306 4531 1354 4572 ros
1368 4515 1503 4571 hominus.
1514 4515 1601 4571 Nolite
1612 4532 1661 4588 per
1673 4518 1751 4572 aliam
1765 4527 1867 4588 partem
1881 4519 2003 4579 clamare
2012 4520 2046 4579 ad

1248 4607 1404 4674 Dominum,
1420 4605 1502 4661 nolite
1515 4605 1548 4661 ad
1563 4606 1702 4661 iteretious
1715 4607 1769 4672 iro,
1783 4615 1810 4662 et
1825 4608 1860 4662 ibi
1875 4610 1998 4667 clamare
2010 4610 2045 4669 ad

1249 4700 1399 4757 bantana.
1414 4699 1564 4766 Attendite,
1579 4698 1692 4766 iratres,
1706 4700 1766 4770 quia
1782 4701 1808 4755 ia
1827 4701 1869 4755 illa
1886 4703 1966 4760 turha
1986 4718 2047 4775 qua

1248 4795 1363 4850 clamare
1379 4790 1550 4862 prohibebat,
1575 4791 1609 4847 ibi
1628 4791 1713 4846 sanati
1733 4801 1795 4848 sunt
1815 4795 1860 4864 qui
1880 4794 2045 4853 clamabant.

1282 4885 1395 4941 carbo
1414 4882 1494 4939 xvtl.
1509 4913 1545 4924 -
1564 4882 1607 4939 tu.
1632 4881 1822 4938 Peraeaerontio
1841 4886 2048 4943 cotttradictorea

1247 4981 1390 5034 eirtctmtur.
1424 4975 1490 5031 h‘am
1509 4984 1536 5031 ot
1556 4974 1608 5030 hoc
1627 4975 1746 5030 attendat
1774 4975 1907 5033 Sanctitas
1936 4988 2045 5047 nemra,

1247 5070 1310 5142 quid
1324 5071 1357 5125 sit
1374 5083 1547 5140 perseverare
1566 5066 1592 5122 in
1609 5067 1759 5123 clamando.
1776 5069 1865 5124 bienna
1880 5069 1954 5141 quod
1970 5070 2046 5129 malti

1248 5178 1352 5218 meeum
1375 5160 1478 5230 auspicati
1499 5165 1563 5214 sunt
1583 5159 1609 5213 in
1630 5159 1738 5214 nomino
1760 5158 1951 5218 christinam
1973 5162 2046 5220 euim

1247 5263 1335 5308 cessat
1351 5251 1468 5306 Ecclesia
1479 5250 1545 5305 hales
1560 5264 1664 5320 parere.
1677 5246 1743 5305 Cum
1753 5251 1866 5323 quisque
1875 5250 2046 5310 Christianus

1248 5345 1360 5416 coeperit
1373 5343 1442 5400 bono
1460 5342 1564 5403 virore,
1586 5340 1688 5397 lerrere
1707 5342 1784 5398 botris
1799 5344 1944 5415 operibus,
1965 5360 2045 5401 naua·

1249 5436 1367 5506 dumque
1376 5443 1561 5498 contemnem
1577 5432 1604 5487 in
1616 5431 1671 5502 ipsa
1682 5433 1799 5488 novitate
1808 5448 1919 5504 operum
1933 5448 2045 5491 suorum

1250 5529 1347 5601 patitur
1360 5527 1569 5597 reprehensores
1579 5534 1607 5582 et
1619 5527 1829 5583 contradictores
1843 5524 1955 5600 iripidos
1967 5528 2046 5586 cart·

1249 5620 1360 5676 stianos.
1380 5619 1407 5675 st
1426 5631 1513 5675 autent
1527 5623 1753 5691 perseveraverit,
1769 5631 1795 5678 et
1813 5638 1860 5679 eos
1879 5626 2045 5694 artpcrarerit

1250 5711 1429 5783 perduranda,
1443 5722 1469 5767 et
1484 5726 1537 5767 non
1549 5711 1701 5768 deiecerita
1716 5714 1793 5770 bonis
1805 5715 1948 5785 operibus:
1965 5714 2045 5773 ildem

1250 5804 1299 5876 ipsi
1318 5805 1372 5873 jam
1391 5805 1579 5875 obsequentur,
1595 5805 1716 5878 quiante
1732 5805 1917 5879 prohibebant.
1931 5806 2047 5865 Tamdiu

1249 5893 1320 5949 ertim
1333 5894 1480 5965 corripiunt
1492 5905 1519 5950 et
1533 5895 1689 5965 perorabant
1702 5906 1730 5952 et
1743 5906 1842 5965 rotant,
1856 5898 1986 5970 quamdiu
1997 5896 2046 5955 sibl

1253 5981 1310 6032 t't'tli
1325 5999 1402 6054 pesse
1416 5996 1588 6055 prusttmrmt.
1605 5987 1632 6043 si
1651 5999 1740 6045 autent
1756 5990 1817 6045 rieti
1838 5989 1937 6045 luerirtt
1952 6000 2043 6060 prrae-
