4759 6684
382 611 449 669 tout

993 583 1023 641 S.
1044 572 1225 636 sucustttlt
1244 567 1397 628 tetscotn

1958 557 2022 614 {³⁰8

381 726 413 779 tir
429 723 483 777 {leo
496 717 623 788 (Philipp.
638 729 667 778 n,
681 708 718 781 G).
735 709 810 763 ltoric
821 703 950 776 aqiralero
962 700 1017 755 lieo
1028 694 1110 759 Patri,
1125 693 1175 746 hoc
1227 687 1277 753 cit,
1292 699 1352 740 cuna
1371 681 1401 736 lit
1414 678 1511 736 meotis
1524 675 1659 748 proiectus
1672 675 1706 730 ad
1723 674 1855 730 lerino.
1868 671 1911 727 lta
1923 686 2024 742 aporici

370 813 499 874 ,t'erbum
514 809 559 863 Dei
579 803 648 874 apud
663 802 756 859 Deum.
775 812 821 871 per
835 793 906 866 quiid
921 792 987 846 lacta
1001 795 1064 844 sunt
1075 782 1174 849 amaria,

383 902 531 958 ridebimus
550 896 628 954 sicuti
642 903 693 956 est,
713 891 760 949 scd
783 890 809 944 iu
831 889 892 942 ltoe.
914 884 981 940 llam
1002 895 1083 942 nunc.
1106 873 1177 948 lltl⁰<¹

383 991 546 1063 erarrgclista
560 987 676 1043 loannes
690 983 766 1044 dicit,
785 998 795 1031 ι
814 974 995 1034 Dilectissimi,
1010 970 1057 1024 hlii
1071 966 1116 1022 bet
1130 981 1177 1020 sa·

385 1101 454 1149 tritis,
474 1091 501 1136 et
516 1078 632 1133 nondum
647 1072 770 1145 apparuit
784 1068 848 1141 qnid
864 1066 973 1122 erimus.
991 1057 1176 1122 Dilectissimi,

385 1176 495 1239 scioms,
508 1172 571 1240 «pha
583 1184 643 1224 eum
661 1164 824 1237 apparuerit,
839 1159 940 1214 similes
952 1156 976 1211 ci
989 1154 1098 1213 crimus,
1111 1162 1179 1220 otto·

388 1266 461 1321 niam
473 1261 623 1322 chlcbimus
635 1273 695 1313 com
707 1255 783 1311 sicuti
797 1261 838 1308 cst
855 1272 864 1303 ι
882 1249 909 1318 (l
920 1246 998 1301 laun.
1011 1261 1049 1307 ιιι,
1062 1243 1101 1312 ⁶2).
1118 1240 1181 1294 llacc

388 1359 455 1411 risio
470 1355 546 1410 rrobis
562 1352 734 1426 promittitur,
752 1348 784 1402 ad
801 1346 869 1402 banc
882 1343 1011 1397 visionem
1026 1338 1178 1400 crudimur,

387 1452 420 1504 ad
435 1447 503 1502 hanc
521 1446 651 1499 visionem
664 1441 744 1497 corda
757 1437 929 1495 mundamus.
942 1432 1014 1487 Beati
1026 1430 1108 1494 cnim,
1122 1428 1180 1482 in·-

388 1541 456 1612 rpuit,
469 1539 563 1593 orando
573 1535 785 1606 cardamomum
797 1532 845 1601 ipsi
859 1528 938 1584 Deum
947 1524 1064 1580 ridebunt
1075 1521 1180 1594 (llattlr.

389 1652 416 1698 v,
438 1631 476 1707 8).
500 1630 622 1688 Ostendit
636 1643 744 1684 carnem
771 1640 856 1689 suam,
883 1620 999 1677 ostendit
1019 1616 1114 1681 serris,
1135 1613 1183 1668 sed

391 1728 503 1781 turmam
518 1723 607 1787 serri;
623 1732 748 1791 tanqnam
764 1718 899 1789 propriam
911 1727 1003 1767 vocem
1014 1725 1100 1774 suam,
1115 1709 1185 1761 inter

392 1818 489 1873 rirultas
507 1831 596 1881 roceS,
618 1827 684 1884 quas
707 1809 846 1882 praemisit,
869 1808 952 1878 ipsam
974 1803 1053 1858 etiam
1076 1813 1183 1854 carnem

392 1924 467 1964 snam
483 1907 608 1962 ostendit.
622 1905 702 1959 Pater
713 1901 890 1970 «inurebatur,
905 1895 980 1966 qriasi
992 1894 1046 1961 jam
1062 1893 1118 1962 ipse
1131 1891 1184 1946 sic-

394 2002 432 2056 nti
446 2009 487 2055 cst
501 1999 635 2053 rideretur
652 2015 658 2050 :
677 1994 722 2063 qm
741 1991 850 2062 aqualis
863 1988 934 2044 Patri
949 1985 968 2040 F
972 1986 1041 2051 ilius,
1060 1985 1086 2038 in
1101 1981 1186 2036 torma

394 2091 464 2147 serni
486 2090 571 2144 serris
593 2085 759 2155 loqttcbatur.
785 2081 900 2140 Dorsone,
916 2079 953 2134 ait
976 2077 1012 2130 illi
1030 2074 1186 2141 Philippos,

395 2182 497 2238 ostende
517 2180 587 2235 nobis
611 2178 725 2242 Patrona,
741 2185 764 2230 et
783 2174 872 2243 sufficit
887 2172 968 2225 nobis.
984 2168 1077 2226 Omnis
1100 2167 1188 2223 inua-

397 2273 477 2328 tionis
500 2287 555 2326 snae
581 2270 659 2323 hnem
681 2265 827 2338 qrracrclmt,
853 2263 903 2317 hoc
922 2271 972 2325 cst,
991 2257 1125 2330 proiectus
1148 2256 1188 2311 sni

397 2363 552 2427 torminum,
575 2376 628 2430 orio
644 2374 705 2414 com
722 2356 897 2427 pervenisset,
922 2353 986 2409 nihil
1002 2351 1116 2420 amplius
1135 2350 1189 2418 iarn

399 2454 558 2525 requireret.
570 2451 691 2514 Ostende,
706 2449 800 2519 inquit,
816 2447 886 2502 rrobir
896 2443 1133 2514 l'otrem,etsufficit
1146 2459 1191 2497 no·

399 2547 446 2599 lais.
468 2544 549 2604 liene,
562 2542 693 2611 Philipps,
710 2539 790 2606 benc,
806 2537 907 2606 optime
921 2535 1045 2605 intelligis
1059 2533 1128 2604 qarod
1145 2533 1192 2587 tibi

401 2635 500 2690 sulsrcit
513 2635 600 2689 Pater.
624 2632 692 2701 Quid
713 2640 755 2687 est
775 2629 886 2700 sufficit?
900 2629 970 2684 b'ihil
984 2627 1053 2683 ultra
1068 2640 1171 2695 orrares
1186 2643 1191 2678 :

402 2725 521 2796 implebit
539 2734 575 2787 te,
590 2723 697 2779 satiabit
710 2732 745 2788 tc,
759 2712 879 2791 perficiet
892 2729 928 2782 te,
943 2718 997 2775 Sed
1007 2717 1067 2772 vide
1081 2731 1114 2771 nc
1127 2715 1196 2770 lorte

403 2814 518 2871 srilhciat
531 2815 577 2870 tibi
590 2824 617 2869 ct
630 2799 681 2869 iste
690 2828 769 2883 quem
780 2812 865 2866 audis.
881 2811 959 2866 Solus
970 2808 1077 2875 sotheit,
1086 2823 1119 2862 air
1134 2823 1195 2861 curn

342 2976 344 2980 p
404 2907 504 2963 l'atre?
520 2907 573 2963 Sed
588 2906 721 2977 quomodo
736 2905 819 2971 solos,
836 2904 942 2973 spirando
956 2917 1090 2973 nonquam
1111 2901 1199 2957 disce·

404 3001 471 3053 dita
485 2997 584 3054 Patre?
600 2999 667 3069 Ergo
678 2996 838 3066 respondeat
846 2995 969 3066 Philippo
978 2995 1077 3051 volenti
1092 2993 1197 3050 ridere:

406 3092 490 3146 Tanta
510 3102 621 3161 tempore
635 3091 760 3145 uobiscum
773 3106 839 3155 strrrr,
856 3099 879 3143 et
895 3106 944 3143 nou
967 3087 1117 3159 capuacistt's
1139 3086 1201 3139 ore?

411 3182 539 3256 Philipps,
555 3184 598 3255 qui
611 3184 671 3238 uidit
692 3200 741 3248 ote,
762 3183 823 3237 addit
838 3191 861 3237 et
877 3180 979 3235 Patrem
995 3181 1084 3252 (loeo.
1098 3196 1155 3241 xta,
1172 3181 1199 3246 8,

407 3278 448 3346 9).
465 3276 534 3345 Quid
549 3260 748 3345 cst,'Philippe,
769 3275 811 3346 spii
824 3274 885 3328 uidit
901 3291 948 3339 roe,
965 3273 1026 3326 vidit
1039 3282 1062 3326 et
1078 3272 1202 3338 Patrem,-

411 3368 473 3436 nisi,
496 3366 537 3423 'ln
560 3383 601 3422 me
617 3384 667 3422 oon
684 3367 782 3430 vidisti,
800 3366 859 3421 idco
874 3367 971 3435 qrrmris
992 3365 1116 3420 Patrem?
1136 3364 1203 3419 Phi·

410 3460 487 3526 lippe,
512 3459 553 3530 qui
577 3475 616 3513 roc
637 3458 707 3523 uidit,
722 3458 784 3511 vidit
798 3468 820 3511 et
836 3455 948 3511 Putrem.
965 3456 1004 3511 Tu
1028 3463 1116 3510 autem
1131 3455 1204 3510 rides

412 3566 465 3612 me,
480 3559 506 3604 et
519 3565 570 3603 raon
586 3549 660 3605 rides
673 3565 725 3605 me.
742 3549 799 3604 Non
815 3549 888 3605 rides
901 3549 971 3604 enim
984 3549 1082 3618 inepti
1098 3547 1146 3603 leci
1159 3558 1203 3611 tc;

411 3640 458 3695 scd
475 3640 629 3711 vidrsqood
643 3641 727 3694 iactos
738 3655 796 3695 sont
813 3652 921 3711 propter
936 3648 971 3694 te.
987 3640 1095 3708 Quinte,
1109 3639 1204 3709 inquit,

412 3733 484 3797 cidit,
496 3732 556 3786 cidit
569 3743 590 3787 et
601 3728 714 3787 Patrem.
730 3732 816 3799 Unde,
831 3733 881 3787 nisi
894 3732 954 3798 uitia
966 3734 992 3785 in
1003 3737 1086 3804 pirron
1098 3730 1148 3785 Dei
1156 3747 1207 3784 noo

412 3825 529 3897 ropinmo
545 3825 680 3878 arbitratos
701 3835 736 3878 est
759 3840 812 3878 cssc
831 3823 934 3893 equalis
957 3822 1033 3877 Deo?
1053 3823 1120 3890 Quid
1143 3837 1208 3893 crgo

341 3965 351 3975 ,
414 3919 552 3989 Phiiippus
564 3917 686 3972 thlchat?
700 3916 774 3984 Quod
786 3916 944 3985 scirtetipsunt
953 3915 1088 3969 exinaniuit
1098 3915 1208 3983 [ormruo

414 4011 478 4064 srroi
499 4010 634 4078 arripiens,
660 4009 686 4063 in
708 4007 898 4062 rirnilitndincnr
922 4007 1052 4059 hormnum
1072 4009 1164 4077 frictus,
1185 4015 1209 4059 et

415 4101 501 4155 hobilu
515 4102 628 4155 irroeutns
641 4109 668 4152 ut
683 4101 758 4153 lrooro
779 4097 907 4169 lPhilipp.
925 4114 953 4163 ιι,
968 4098 994 4160 li,
1012 4099 1051 4168 7).
1066 4097 1122 4152 Hoc
1136 4098 1210 4154 iidc-

416 4195 461 4246 hat
475 4193 623 4263 Phiiippus,
636 4191 748 4247 sormam
760 4191 841 4257 scrri,
856 4190 924 4246 liber
935 4190 1038 4246 laturus
1049 4191 1083 4245 ad
1097 4191 1209 4245 lormam

417 4284 475 4338 ltci.
496 4283 569 4354 Ergo
589 4284 707 4339 omnmm
732 4299 827 4337 cocum
846 4298 959 4352 persona
979 4282 1108 4348 loannes,
1130 4283 1210 4339 l'crbi

364 4416 367 4424 .
417 4389 530 4444 persona
553 4374 685 4430 Cluistus.
701 4372 800 4429 Omnes
813 4388 894 4430 voces
908 4389 1018 4431 neccsse
1032 4383 1075 4431 cst
1087 4374 1210 4428 minuan-

418 4476 477 4532 tor,
504 4466 610 4536 quando
642 4466 674 4521 ad
701 4465 838 4523 OEtristom
870 4465 1012 4522 ridendum
1047 4468 1210 4538 prolicimus.

418 4561 523 4630 eranto
544 4560 615 4615 eiiim
632 4561 738 4631 proficis
751 4560 783 4614 ad
798 4560 936 4615 ridendam
955 4560 1122 4630 sapientiam,
1139 4569 1213 4616 tanto

420 4651 508 4704 ricinos
521 4649 566 4704 tihi
580 4665 630 4704 vox
650 4662 692 4706 est
706 4650 866 4705 necessaria.
884 4648 939 4704 llos
955 4650 979 4703 in
995 4649 1147 4719 Pmpbetis,
1161 4666 1212 4705 vox

421 4741 446 4791 in
457 4739 601 4808 Apostolis,
615 4755 665 4793 rox
677 4741 703 4794 in
713 4740 835 4807 Psalmis,
847 4755 898 4794 nox
912 4740 937 4793 io
950 4739 1104 4811 Evangelio.
1120 4741 1215 4796 Veniat

421 4828 496 4893 illud,
512 4828 545 4882 In
560 4830 684 4900 principio
699 4838 750 4884 erat
771 4829 887 4890 Verdunt,
908 4840 932 4884 et
953 4830 1058 4886 Verbum
1078 4843 1131 4887 crat
1143 4835 1215 4905 opud

422 4918 513 4985 oram,
527 4929 549 4975 et
562 4915 631 4972 Deus
644 4929 697 4973 erat
713 4916 832 4974 Verbum.
849 4919 915 4974 Cum
931 4936 991 4976 cmo
1005 4924 1149 4978 uiderimus
1163 4927 1214 4982 sic-

422 5013 458 5065 oti
477 5020 530 5079 est,
546 5012 674 5082 numquid
699 5012 734 5066 ibi
749 5012 902 5068 recitabitur
916 5014 1112 5085 Evangelium?
1129 5017 1214 5073 Num·

421 5103 484 5173 rprid
500 5105 653 5176 prophetias
668 5105 782 5161 auditori
798 5106 909 5161 sumus?
929 5106 1060 5178 Nuotqoid
1085 5109 1215 5178 Epistulas

422 5199 611 5269 Apostolorum
633 5198 725 5260 lectori
748 5198 858 5256 sumus?
877 5199 984 5268 Quare?
997 5200 1063 5268 Quia
1086 5203 1216 5259 deliciunt

422 5305 512 5356 voces,
529 5300 666 5346 crescente
685 5292 766 5346 verbo
783 5308 790 5344 ε
806 5294 866 5361 quia
879 5290 960 5346 litum
977 5304 1073 5363 oportet
1095 5311 1213 5361 rrcrreu,

423 5403 463 5439 ure
479 5394 563 5440 autern
588 5387 677 5439 rrrinui.
702 5385 735 5440 Et
751 5384 865 5440 Verbum
887 5386 994 5456 quidem
1006 5402 1063 5456 pet
1076 5403 1106 5442 so
1126 5388 1213 5457 ipsum

423 5491 473 5531 ncc
484 5475 592 5542 crescit,
606 5492 654 5529 nce
667 5475 756 5530 delicit
769 5474 794 5529 in
810 5489 849 5530 se.
866 5475 894 5530 ln
906 5476 981 5531 nobis
992 5485 1079 5532 autem
1093 5492 1215 5534 cresccre

423 5569 530 5634 dicitur,
555 5584 614 5624 curn
636 5565 797 5637 proficiendo
818 5568 844 5622 in
869 5568 943 5623 illum
964 5568 1131 5625 crescimus:
1147 5570 1217 5626 sicot

423 5660 521 5715 crescit
535 5660 561 5714 io
576 5660 660 5714 oculis
675 5667 731 5724 tux,
745 5673 805 5713 cum
823 5658 881 5713 acie
895 5659 1097 5715 convalescente
1111 5661 1216 5715 ridetur

424 5753 549 5824 amplius,
566 5768 624 5822 qrrae
634 5751 691 5807 acic
704 5751 845 5822 larrpocnte
860 5752 949 5808 ruinus
961 5753 1052 5824 utiquc
1066 5753 1214 5810 ridebatur.

426 5844 458 5897 tlt
474 5843 561 5899 minor
582 5853 639 5899 crat
653 5844 737 5900 oculis
751 5844 840 5915 agris,
861 5845 946 5916 major
960 5857 1001 5902 cst
1022 5848 1107 5903 ocralis
1125 5847 1214 5902 sanis:

364 5960 369 5970 ·
425 5951 485 5986 rom
507 5935 562 6003 ipsa
584 5952 631 6005 pcr
655 5951 684 5991 sc
707 5936 791 6007 ipsam
806 5947 932 5993 necantc
954 5938 1092 5993 imminuta
1107 5939 1151 6004 sit,
1168 5954 1217 5993 nec

419 6025 592 6098 postmodum
616 6030 741 6089 creuerit.
752 6028 881 6091 llinultur
894 6045 958 6101 creo
977 6031 1152 6089 martaniam
1166 6045 1214 6087 ro-

1228 777 1363 832 Christum
1371 763 1505 834 erescere,
1515 769 1645 825 loannem
1655 777 1746 822 aritena
1758 768 1857 821 minui.
1869 766 1928 821 lloc
1937 782 2025 820 corin

1231 868 1349 924 indicant
1363 865 1511 936 passiones.
1524 860 1591 916 Naro
1604 859 1723 915 loannes
1736 860 1858 913 minutus
1869 867 1926 923 est,
1948 872 2027 912 ersus

1230 953 1617 1030 commendamentum
1635 961 1687 1015 est,
1704 950 1790 1006 crevit
1806 959 1938 1018 unquam
1955 947 1994 1020 (a)
2006 952 2028 1002 io

1231 1067 1321 1109 cruce.
1342 1050 1397 1104 lloc
1411 1062 1505 1102 sonim
1521 1045 1638 1099 indicarat
1657 1045 1761 1098 natales
1779 1043 1852 1098 dies.
1868 1042 1939 1098 Naro
1953 1057 1969 1095 a
1983 1042 2028 1095 Na-

1233 1145 1277 1198 tali
1291 1142 1401 1198 loannis
1424 1138 1555 1208 incipiunt
1574 1136 1678 1190 dicrum
1696 1135 1882 1199 detrimenta;
1905 1149 1921 1186 a
1939 1133 2030 1188 Christi

1233 1243 1332 1299 arroem,
1355 1239 1518 1286 reuocentur
1532 1235 1684 1296 augmenta.

1438 1340 1554 1398 senno
1565 1339 1741 1397 cccxxxix
1758 1344 1767 1365 ·
1785 1338 1835 1412 (ι).

1427 1460 1453 1506 tn
1467 1453 1541 1505 natali
1556 1455 1653 1504 mannis
1668 1457 1790 1516 uapttstae,
1807 1466 1842 1502 m.

1272 1565 1298 1619 l.
1321 1563 1434 1616 loannes
1458 1576 1508 1614 oon
1533 1560 1587 1613 sins
1608 1574 1684 1612 cause
1706 1566 1759 1611 ιιιιι
1782 1554 1940 1608 mirabiliter
1963 1563 2026 1608 uuir

1236 1664 1258 1709 rt
1280 1665 1330 1707 ιιιιιι
1351 1669 1468 1722 rraoprraa.
1489 1650 1575 1705 Causa
1599 1648 1733 1703 hodiernae
1751 1645 1873 1702 celebris
1896 1660 2033 1715 congrega·

1240 1746 1321 1800 tionis
1342 1753 1459 1809 nostrae,
1484 1741 1577 1796 Natale
1599 1749 1640 1796 est
1661 1740 1772 1797 loannis
1793 1739 1944 1808 Baptistae,
1967 1740 2034 1806 cnjus

1238 1835 1388 1892 mirabilem
1408 1841 1568 1904 conceptum
1591 1838 1619 1887 et
1641 1842 1763 1902 partum,
1786 1845 1850 1885 com
1867 1829 2034 1899 Evangelian

1238 1928 1392 2001 legeretur,
1416 1926 1577 1982 audivimus.
1605 1924 1727 1995 llagnum
1743 1924 1929 1995 mysterium,
1951 1920 2035 1977 lmucs

1241 2021 1292 2076 mci
1311 2040 1317 2074 ι
1334 2031 1419 2094 mater
1433 2019 1543 2077 loannis
1561 2030 1588 2074 ct
1612 2019 1710 2073 sterilis
1727 2027 1787 2074 erat
1807 2026 1835 2072 et
1859 2030 1951 2078 arros,
1972 2025 2036 2084 pater

1241 2128 1338 2179 senem
1356 2127 1465 2183 prorsus
1485 2112 1511 2166 in
1530 2119 1641 2178 utroque
1655 2109 1799 2179 desperata
1815 2109 1975 2178 posteritas
1993 2107 2037 2163 Sed

1242 2207 1303 2277 piria
1319 2206 1374 2262 neo
1389 2204 1553 2277 impossibile
1576 2202 1640 2258 nibil
1655 2210 1710 2266 cst,
1738 2201 1896 2271 promissus
1913 2209 1958 2254 est
1978 2199 2036 2253 lilius

1244 2314 1296 2354 raon
1311 2297 1441 2353 credenti.
1469 2295 1527 2350 tm
1541 2294 1629 2350 allata
1643 2303 1683 2348 est
1697 2293 1785 2364 patri,
1800 2291 1845 2346 coi
1860 2289 1950 2345 detrih
1962 2289 2035 2345 tides:

1242 2391 1296 2462 jam
1311 2390 1381 2444 enim
1397 2391 1482 2444 luerat
1494 2389 1623 2458 scriptum
1636 2428 1644 2452 ,
1661 2384 1782 2449 Credidi,
1807 2395 1916 2454 propter
1928 2384 1995 2454 quod
2007 2386 2037 2436 h-

1245 2491 1318 2536 eutua
1330 2497 1387 2534 sum
1402 2478 1487 2551 (Psal.
1501 2495 1562 2545 crr,
1578 2477 1632 2548 td).
1645 2476 1702 2532 Non
1719 2475 1846 2539 credidit,
1864 2486 1892 2530 et
1906 2490 1960 2530 noo
1974 2473 2036 2529 toci·

1248 2581 1289 2626 tos
1303 2580 1353 2627 est.
1371 2570 1474 2626 interea
1486 2570 1565 2625 etiarn
1576 2570 1651 2639 virgo
1664 2568 1807 2637 concepit,
1823 2576 1854 2623 et
1868 2566 1924 2622 hoc
1936 2566 2037 2622 subiisse

1248 2664 1405 2718 miraculum
1427 2663 1558 2733 longeque
1582 2660 1764 2731 praestantius.
1802 2659 1932 2730 Concipit
1954 2658 2040 2714 soriis

1250 2754 1418 2822 praeconem,
1435 2753 1510 2823 virgo
1530 2751 1657 2822 judicem.
1683 2749 1805 2805 loannes
1825 2750 1863 2804 dc
1887 2749 2002 2805 masculo
2018 2759 2041 2801 ct

1253 2845 1367 2912 lcmina,
1391 2843 1513 2902 Christus
1527 2843 1561 2900 dc
1574 2843 1629 2899 sola
1652 2841 1761 2898 semina.
1787 2839 1992 2912 Competandcs
2008 2848 2042 2894 est

1253 2941 1322 2994 torte
1335 2937 1452 2993 loannes
1467 2935 1590 2991 Christo?
1603 2934 1689 2990 sosii.
1703 2933 1761 2988 Non
1779 2942 1873 2988 umen
1890 2932 1984 2986 frustra
1995 2940 2042 2984 taa-

1256 3040 1299 3084 tus
1319 3038 1419 3084 tantum
1436 3027 1582 3099 processit.
1607 3026 1635 3082 Si
1656 3027 1744 3088 enirn,
1767 3033 1935 3096 potestatem
1949 3024 2041 3078 conatui

1255 3137 1315 3176 raico
1332 3122 1389 3194 ipso
1399 3120 1524 3191 dignante
1538 3117 1739 3187 atrprcdonantc
1753 3113 1939 3169 bortrinobco
1951 3127 1984 3167 no
1998 3123 2042 3173 tro,

1255 3206 1366 3282 potuero
1379 3210 1513 3280 explicare
1527 3206 1598 3277 quod
1612 3207 1715 3270 sentio,
1730 3220 1783 3259 oce
1799 3220 1861 3258 mea
1876 3203 1963 3256 rilitis
1976 3202 2043 3256 ler-

1255 3316 1350 3368 rctur,
1375 3319 1425 3358 nec
1438 3300 1603 3371 exspectatio
1619 3308 1705 3352 restra
1722 3295 1905 3350 fraudabitur,
1928 3293 1955 3348 Si
1967 3302 2044 3347 anteo

1257 3397 1343 3452 nrinus
1358 3406 1468 3466 potuero
1477 3392 1610 3463 explicare
1621 3389 1692 3460 quod
1705 3388 1806 3455 sentio,
1814 3385 1951 3457 supplebit
1962 3386 1986 3440 io
1994 3399 2045 3440 eor·

1257 3489 1334 3542 dibus
1346 3469 1444 3542 restris
1459 3483 1588 3540 Doininns
1604 3481 1673 3536 heus
1687 3491 1799 3545 noster,
1815 3478 1891 3548 quod
1911 3477 1972 3532 mibi
1989 3476 2046 3530 ton

1259 3593 1306 3648 pro
1329 3575 1483 3632 infirmitate
1509 3589 1569 3628 mea
1594 3570 1770 3626 subtraxerit.
1797 3569 1857 3623 lloc
1881 3569 1941 3623 ideo
1966 3567 2047 3636 pra-lo·

1258 3679 1335 3724 cutus
1349 3683 1425 3735 sum,
1450 3666 1574 3738 quoniam
1598 3664 1664 3735 quid
1688 3663 1769 3718 celim
1789 3662 1903 3726 dicere,
1928 3676 1977 3732 rgo
1991 3660 2046 3723 scio,

1260 3775 1307 3815 ros
1322 3759 1449 3819 nescitis:
1471 3767 1498 3813 et
1512 3774 1570 3828 qum
1584 3756 1618 3811 sit
1632 3754 1777 3811 dilhcultas
1791 3755 1817 3810 in
1833 3753 1996 3826 exponendo
2006 3767 2049 3822 epo

1257 3856 1311 3926 jam
1326 3855 1422 3911 sentio.
1445 3850 1689 3909 Conimcndandom
1704 3859 1795 3903 autern
1809 3858 1872 3902 erat
1886 3848 1979 3913 robis,
1993 3859 2018 3899 ut
2027 3846 2048 3900 in

1262 3951 1318 4020 ipsa
1327 3947 1479 4005 intentione
1492 3954 1581 4000 restra
1595 3942 1703 4015 possitis
1717 3957 1797 3997 orare
1812 3957 1865 4010 pro
1880 3940 1968 3994 nobis.

1295 4042 1323 4096 2.
1343 4041 1456 4096 Ioannes
1476 4039 1551 4092 homo
1569 4045 1682 4102 tantum,
1705 4033 1823 4090 Christus
1846 4033 1958 4088 Deteret
1976 4033 2050 4084 hona.

1262 4132 1401 4188 llomincm
1416 4129 1538 4197 concepit
1553 4127 1707 4192 Elisabeth,
1729 4125 1873 4180 hominem
1889 4124 1970 4179 blaria
1985 4142 1991 4175 :
2005 4123 2051 4177 tti-

1263 4222 1355 4279 sabcth
1372 4232 1457 4277 naater
1469 4219 1597 4284 inarmis,
1614 4216 1693 4272 blaria
1709 4226 1796 4270 matcr
1809 4214 1914 4271 Christi
1931 4216 1997 4270 :scd
2010 4212 2055 4268 [ii-

1263 4315 1356 4371 sabeth
1377 4313 1463 4369 solum
1484 4311 1637 4377 hominem,
1664 4306 1744 4363 blaria
1766 4308 1855 4362 Derim
1872 4317 1900 4362 ct
1919 4307 2054 4361 hominem.

1263 4406 1327 4461 hlira
1342 4412 1456 4472 resest,
1480 4401 1615 4475 quomodo
1638 4402 1752 4471 potnerit
1772 4401 1922 4470 cotrciperc
1944 4408 2055 4455 creatura

1264 4497 1428 4552 Creatorem.
1441 4494 1507 4563 Quid
1521 4502 1559 4548 est
1574 4507 1637 4563 crgo
1649 4490 1853 4561 intetttpndnm
1868 4533 1875 4556 ,
1893 4493 1988 4546 iratres
2001 4490 2055 4549 otei.

1265 4587 1315 4641 nisi
1334 4586 1395 4656 qnia
1417 4585 1474 4654 ipse
1495 4584 1545 4637 sihi
1560 4583 1622 4637 iecit
1641 4597 1749 4636 carnem
1769 4580 1803 4635 de
1818 4583 1880 4635 sola
1895 4594 1999 4645 outre,
2019 4580 2057 4650 (μ’

1266 4678 1329 4733 lecit
1342 4678 1455 4750 primum
1469 4675 1604 4729 hominem
1618 4672 1675 4728 sinc
1690 4680 1765 4741 pntrc
1785 4681 1812 4727 et
1826 4674 1942 4730 matre?
1964 4673 2056 4728 Primis

1267 4769 1312 4824 illc
1326 4776 1417 4822 noster
1430 4781 1508 4822 casus
1521 4765 1587 4833 init,
1603 4763 1707 4836 quando
1722 4760 1822 4819 senuna
1839 4781 1891 4835 pcr
1906 4779 2058 4836 quarnnror·

1267 4863 1305 4918 tui
1321 4876 1430 4922 sornos,
1445 4860 1472 4914 in
1492 4858 1573 4914 corde
1586 4856 1708 4926 concepit
1720 4870 1824 4929 tenena
1839 4859 1990 4926 serpentis
2004 4856 2057 4912 Pcr-

1267 4954 1351 5010 soasit
1369 4952 1440 5007 enim
1460 4965 1571 5020 serpens
1587 4959 1735 5019 peccatum,
1752 4955 1779 5002 ct
1794 4946 1937 5003 admissus
1950 4959 1990 5003 cst
2002 4949 2058 5002 nole

1268 5044 1392 5100 suadens.
1418 5041 1446 5098 Si
1471 5041 1572 5111 primus
1592 5047 1683 5094 raostcr
1701 5052 1782 5092 casus
1802 5035 1874 5106 luit,
1898 5055 1962 5094 cam
1976 5039 2059 5094 nutu

1268 5143 1391 5206 concepit
1412 5135 1494 5191 corde
1516 5148 1619 5188 venena
1651 5133 1801 5201 serpentis,
1834 5149 1891 5187 non
1918 5133 2059 5189 nriraudura

1268 5229 1339 5302 qrtod
1354 5230 1428 5284 salus
1449 5237 1539 5282 nostra
1562 5225 1629 5280 lacta
1655 5233 1715 5290 est,
1735 5240 1799 5279 cum
1824 5225 1929 5281 lcrrrioa
1951 5224 2062 5293 conserit

1268 5321 1295 5375 io
1318 5329 1395 5375 utero
1418 5334 1526 5375 carnem
1552 5315 1759 5386 Omnipotrntis.
1786 5313 1914 5387 Uterque
1939 5318 2062 5374 reciduat

1269 5427 1367 5477 sexus,
1386 5420 1499 5480 uterquc
1515 5409 1602 5464 hietat
1616 5405 1791 5477 reparandus.
1819 5406 1875 5463 Per
1891 5406 2061 5465 mulien-mia

1269 5502 1405 5556 interitum
1417 5500 1490 5555 missi
1506 5513 1628 5566 cramus,
1654 5512 1701 5568 per
1719 5498 1864 5555 tituliercm
1880 5500 1959 5556 nobis
1970 5499 2062 5555 reddita

1269 5603 1311 5650 est
1325 5595 1406 5650 salos.

1306 5688 1332 5743 3.
1346 5687 1459 5740 Joarrnes
1480 5696 1530 5738 tum
1544 5684 1667 5739 excellens
1680 5684 1773 5750 ltoroo,
1790 5694 1817 5738 ιιι
1833 5684 1955 5743 Christus
1975 5697 2063 5753 ’μιαι-

1270 5791 1320 5836 tur.
1334 5780 1443 5836 loannis
1457 5780 1487 5834 de
1501 5795 1529 5833 se
1542 5778 1597 5849 ipso
1607 5795 1637 5832 ac
1646 5779 1677 5833 ds·
1689 5776 1789 5834 Christo
1802 5780 1991 5837 testimoium.
2004 5776 2063 5847 Μ

1302 5916 1449 5964 ‘correctus
1460 5911 1522 5961 add.
1536 5910 1567 5961 cl.
1579 5925 1624 5960 rm.
1638 5920 1655 5960 ι.
1669 5920 1695 5962 ct
1711 5912 1740 5960 ad
1751 5914 1820 5977 ligo.

1302 5976 1338 6036 (nt
1355 5983 1433 6035 rorte,
1444 5973 1585 6024 ersrtnrou.

1303 6037 1337 6096 ti)
1354 6028 1423 6095 aliis,
1437 6037 1453 6087 δ
1465 6037 1530 6088 inter
1542 6031 1705 6097 ttpocrianot.
