4759 6684
365 562 418 620 odi

364 680 495 738 mundns:
510 675 556 732 sod
566 672 672 729 suavior
678 678 718 725 est
728 681 802 738 equo
812 666 896 720 iaetus
904 670 944 716 est
957 656 1082 714 irruudur.
1095 652 1151 709 iia-

365 776 405 829 iuv
413 779 455 829 est
464 766 576 824 mundus
587 781 594 818 ε
606 770 633 818 ει
644 761 728 817 bouus
740 767 782 813 est
793 772 808 811 a
821 770 874 826 quo
884 752 966 807 tuctus
976 756 1017 805 est
1027 743 1150 802 mundus.

364 860 501 932 Quomodo
521 868 612 926 potero
632 853 770 909 absolvere
788 856 816 903 ct
837 844 972 914 explicare
990 835 1062 910 quod
1081 831 1152 889 uixit

364 953 478 1021 Attiuvet
492 949 571 1003 Deus.
587 944 654 1012 Quid
667 943 738 999 enim
755 938 827 995 dixit
840 933 902 1007 quid
923 927 1070 986 laudastis!
1083 926 1153 981 Ecce

364 1043 474 1114 questio
487 1046 545 1103 est,
561 1046 587 1093 et
602 1044 690 1091 tamen
701 1034 756 1103 jam
769 1028 903 1099 laudastis.
918 1018 1056 1092 Quomodo
1068 1016 1153 1071 mains

363 1144 404 1189 est
416 1130 549 1196 munatius,
564 1129 586 1184 si
599 1128 737 1181 bonusest
756 1136 772 1176 a
790 1135 843 1191 quo
860 1116 946 1171 iactus
958 1121 1000 1169 est
1020 1105 1153 1164 mvvvvdnst

363 1223 457 1280 Nonne
472 1221 542 1276 Dens
557 1217 617 1273 iecit
630 1214 719 1269 omnia
732 1252 740 1277 ,
754 1219 782 1265 et
795 1223 858 1265 ecee
872 1207 939 1260 botua
954 1199 1047 1255 vaide?
1059 1196 1154 1253 Nonne

364 1311 525 1384 persingulas
537 1316 647 1364 testatur
659 1304 794 1373 Scriptura
806 1298 874 1369 quod
888 1297 955 1351 buna
968 1292 1062 1348 iecerit
1071 1291 1151 1354 oeus,

365 1402 485 1469 diceudo,
503 1401 536 1455 Et
549 1399 610 1453 vidit
623 1396 691 1451 Deus
701 1395 760 1466 quio
772 1392 863 1447 dortour
874 1398 909 1443 εει
920 1386 977 1442 1Ει
988 1383 1110 1438 univorsa
1126 1379 1152 1433 in

365 1500 417 1552 tine
432 1496 468 1550 ita
479 1491 608 1548 conclusit
621 1484 844 1559 quetuadmodutn
857 1480 918 1536 iecit
930 1478 1000 1533 Deus
1014 1473 1115 1539 omnia,
1130 1480 1153 1525 et

365 1604 420 1645 cero
433 1587 497 1641 botru
511 1584 584 1637 atowe
599 1579 672 1652 (Gru.
688 1576 716 1648 ι).

399 1670 511 1732 carot
527 1674 557 1729 V·
570 1701 606 1713 ·-
616 1672 644 1727 5.
660 1668 770 1722 titurium
783 1663 907 1735 quoruoo'o
922 1658 1019 1719 matut,
1034 1665 1057 1709 et
1071 1670 1087 1707 u
1101 1650 1154 1706 Deo

365 1770 429 1822 torvo
455 1766 546 1835 [notus.
573 1758 712 1828 Quomodo
735 1772 799 1825 ergo
826 1752 910 1807 retains
926 1759 967 1804 est
981 1744 1155 1809 mundns,ot

365 1860 450 1913 borum
463 1867 503 1911 est
521 1870 536 1909 a
550 1867 603 1923 qno
615 1851 699 1906 iactus
713 1856 754 1901 ost
774 1842 907 1901 mundus?
920 1834 1071 1910 quouaodot
1084 1834 1156 1902 Quo-

365 1949 435 2002 uiauv
447 1944 559 1999 turandus
571 1958 619 2013 per
632 1956 691 1996 euru
706 1938 790 1993 iactvts
801 1944 852 1999 cst,
865 1945 893 1989 et
903 1929 1017 1986 trrvrudus
1028 1941 1089 1982 euru
1100 1940 1153 1980 nou

364 2038 487 2107 coguovit
507 2034 596 2105 (duan.
613 2049 638 2098 t,
655 2027 836 2098 rotmundus
854 2039 902 2095 per
919 2038 980 2078 eum
996 2019 1080 2075 iactus
1093 2025 1153 2082 est,

365 2129 462 2185 eoeinm
482 2134 510 2181 et
528 2134 608 2189 terra,
619 2130 646 2178 et
659 2119 748 2175 ovuuia
765 2132 825 2188 qun·
840 2116 866 2170 in
885 2114 925 2170 eis
937 2121 999 2167 suut
1020 2107 1155 2165 :muudus

364 2234 426 2273 enm
441 2233 493 2271 nou
505 2214 637 2285 coguovit,
648 2218 781 2265 amatores
791 2204 897 2268 muudi„
907 2211 1041 2258 amatores
1051 2196 1152 2262 murnai,

364 2322 391 2368 et
403 2318 599 2378 contemptores
611 2305 657 2360 Dei
671 2322 678 2357 z
694 2305 744 2358 iste
756 2300 872 2355 muudus
881 2311 944 2352 eum
955 2309 1007 2349 nou
1020 2289 1154 2363 coguovit.

364 2403 484 2471 sicergo
498 2398 583 2453 matus
602 2406 642 2451 est
661 2392 775 2450 muudus
787 2432 795 2457 ,
808 2388 869 2460 qnia
887 2387 948 2441 mali
965 2392 1027 2441 suvrt
1039 2382 1083 2453 qui
1098 2380 1155 2437 Deo

366 2491 509 2562 protorum
522 2486 660 2544 muudum.
674 2484 708 2539 Et
724 2483 809 2539 bouus
823 2488 865 2534 cst
883 2476 928 2549 qui
942 2474 1003 2529 tecit
1016 2470 1154 2537 mnndum,

364 2583 461 2640 eoetrnu
479 2590 507 2637 ot
523 2590 622 2635 terrani
635 2583 764 2641 otmaro,
778 2581 805 2628 et
819 2571 890 2641 iquos
906 2567 950 2638 qui
972 2573 1062 2620 amaut
1075 2577 1155 2617 ruun-

366 2673 441 2727 dum.
454 2670 545 2727 Salvam
561 2668 631 2723 euim
640 2664 710 2736 quod
724 2670 814 2717 avuvaut
827 2658 953 2714 mundum
966 2667 1053 2712 etuou
1066 2661 1156 2710 amant

366 2764 460 2823 Dentur,
474 2762 500 2815 iu
516 2759 567 2814 iliis
581 2773 633 2812 nou
642 2757 698 2825 ipse
705 2752 778 2809 iecit.
792 2751 972 2823 ipsosantevu.
983 2745 1053 2815 quod
1067 2745 1099 2800 ad
1110 2761 1157 2799 ua·

368 2862 453 2908 turam
470 2850 604 2921 pertinet,
619 2848 676 2919 ipso
689 2845 751 2900 iecit
767 2861 774 2897 ε
790 2842 861 2912 qnod
874 2841 906 2897 ad
917 2840 1020 2909 culpam
1032 2838 1155 2908 pertinet,

366 2958 419 2996 uou
433 2942 489 3011 ipso
504 2940 572 2994 tecit.
599 2937 654 2991 iioc
673 2933 793 3004 estquod
808 2933 886 3002 panio
897 2939 959 2985 aute
979 2929 1050 2993 divi,
1067 2927 1159 2983 Deieat

367 3035 447 3088 dromo
463 3031 535 3102 quod
551 3029 613 3085 iecit
624 3071 632 3094 ,
645 3035 673 3083 et
685 3026 797 3096 placebit
810 3024 834 3080 ci
846 3023 891 3093 qui
905 3037 966 3077 cum
979 3020 1050 3076 iecit.

405 3121 518 3178 catut
535 3120 575 3174 t't.
592 3149 627 3159 -
641 3118 667 3172 o.
691 3115 805 3170 Metudur
825 3113 904 3168 donus
925 3129 957 3167 ct
976 3112 1043 3165 moto
1064 3116 1155 3183 factate.

366 3216 431 3273 Natu
447 3222 488 3269 est
501 3222 528 3267 ot
543 3210 656 3266 antinous
669 3209 755 3264 bonus
767 3208 793 3261 in
808 3207 872 3276 ipsis
885 3204 1052 3267 nouandum
1063 3202 1109 3258 scd
1124 3216 1156 3257 cx

367 3306 438 3360 vualo
452 3304 544 3360 iactus.
559 3302 655 3355 Totum
670 3298 740 3353 euim
749 3296 893 3359 utttrrduur,
907 3296 929 3349 si
941 3291 1060 3346 homines
1076 3306 1158 3363 ponas

368 3396 494 3452 ttrttndnm
507 3436 514 3459 ,
528 3402 639 3462 exceptu
653 3389 724 3461 quod
744 3387 857 3443 dicimus
877 3385 1003 3440 unrnduut
1021 3385 1119 3443 coelvuu
1132 3393 1159 3439 et

368 3500 475 3554 terram,
485 3487 606 3541 etomnia
615 3498 675 3555 qua.
683 3483 708 3536 iu
719 3482 758 3537 eis
769 3488 839 3541 sunu:
849 3479 871 3534 si
880 3477 1158 3559 iiovuiuosdieasntmr·

368 3580 446 3644 vintrau,
458 3585 541 3632 totum
560 3575 686 3630 muudutn
698 3573 793 3627 maium
803 3569 872 3634 iecit,
882 3572 925 3640 qui
937 3569 1021 3638 prium
1029 3567 1156 3636 peccavit.

369 3670 462 3725 Ovuvvis
475 3683 563 3723 massa
582 3666 608 3721 iu
630 3665 718 3721 radice
732 3663 821 3718 vitiata
840 3668 890 3715 cst.
906 3661 1007 3715 Βοηιιηι
1021 3657 1157 3713 homiuem

369 3761 430 3816 tevit
444 3759 514 3815 Deus
528 3776 534 3811 :
551 3755 590 3812 sic
613 3755 692 3810 habet
706 3753 856 3824 Scriptura,
874 3747 1022 3815 FecitDenr
1033 3747 1158 3803 trontiuenr

368 3861 462 3904 rectruu
473 3892 480 3913 ,
492 3858 515 3902 et
529 3846 577 3917 ipsi
592 3846 704 3900 totrtiucr
722 3844 903 3897 adiuoeueruet
915 3839 1078 3911 eoqitatiouca
1091 3838 1158 3892 tatut-

369 3951 408 3994 tur
421 3939 518 4010 (Erote.
531 3952 584 4002 mr,
599 3936 656 4005 30).
666 3936 688 3990 Α
699 3933 788 3988 nudtis
798 3947 876 3988 curre
888 3930 921 3985 ad
932 3945 1012 3985 unum
1021 3967 1030 3995 ,
1040 3926 1158 3997 dispersa

370 4032 465 4101 eniiige
479 4030 504 4084 iu
518 4043 598 4083 uirum
615 4045 622 4080 :
637 4025 758 4092 coussnc,
774 4023 890 4077 munitus
904 4030 981 4084 esto,
998 4034 1075 4074 maue
1089 4016 1158 4089 apud

371 4135 468 4184 virinum
484 4119 536 4174 noti
552 4118 590 4172 ire
610 4115 638 4171 iu
657 4114 750 4170 uudta.
770 4112 808 4170 lbi
825 4121 866 4169 cst
886 4110 1029 4167 beatitudo.
1048 4108 1100 4166 Sed
1113 4108 1160 4161 du-

371 4211 504 4275 duximns,
530 4209 556 4263 iu
579 4206 753 4279 perditionem
774 4202 939 4276 perreximus
958 4221 965 4254 ε
987 4215 1080 4256 ornvncs
1098 4215 1158 4255 cum

371 4310 481 4371 peccato
493 4297 548 4354 uati
563 4312 673 4361 suivans,
689 4303 716 4350 et
729 4293 762 4350 ad
778 4292 803 4348 id
816 4291 885 4375 quod
900 4291 954 4346 uati
968 4304 1075 4357 surmus,
1090 4288 1159 4345 male

371 4391 485 4448 vivendo
496 4399 523 4446 et
535 4403 585 4444 nos
598 4388 757 4454 addidimus,
772 4392 799 4441 ει
813 4394 883 4440 totus
896 4384 1010 4439 muudus
1022 4380 1106 4438 iactus
1117 4386 1160 4437 est

372 4482 468 4537 matus.
480 4478 601 4536 Christus
613 4487 700 4534 autern
709 4476 790 4544 veuit,
805 4485 833 4532 et
845 4474 924 4545 etegit
935 4471 1005 4544 quod
1019 4471 1090 4537 iecit,
1105 4487 1158 4527 uou

371 4569 442 4639 quod
458 4569 582 4625 tumuit:
598 4583 657 4621 nam
678 4580 771 4621 ornnes
789 4566 874 4619 matos
894 4564 1012 4630 invonit,
1029 4571 1057 4618 et
1075 4564 1158 4633 qratia

370 4658 516 4716 vnabouos
527 4657 597 4716 neu
615 4658 645 4713 Ei
660 4656 743 4712 tactus
755 4667 797 4712 est
808 4655 875 4710 aiter
887 4654 999 4710 muudus
1017 4672 1024 4707 ι
1039 4664 1066 4710 ει
1081 4670 1158 4710 urun-

372 4756 434 4809 dtuu
449 4748 618 4820 persequitur
631 4746 755 4802 mundus.

403 4852 591 4913 cucurrit.
613 4884 648 4897 -
666 4853 693 4911 7.
714 4852 828 4910 nouum
852 4869 1002 4925 perreqneur
1028 4853 1160 4909 monadum.

370 4949 435 5011 Quis
448 4957 490 5002 est
502 4945 617 5002 mariadoc
630 4946 676 5017 qui
690 4946 878 5017 persequitur?
898 4946 937 5002 De
958 4961 1012 5017 quo
1027 4946 1105 5002 nobis
1117 4946 1161 5003 di·

368 5039 448 5104 citur,
460 5034 546 5093 Nolite
556 5038 661 5110 aitque
671 5038 803 5103 mnndum,
815 5047 838 5092 et
846 5053 875 5090 eo
887 5053 942 5106 quoe
952 5036 977 5091 iu
989 5040 1083 5092 utuudo
1092 5048 1161 5093 mut.

371 5127 492 5200 Quisquis
503 5129 620 5184 diieaera‘t
633 5128 765 5195 utendum,
785 5144 836 5183 uon
858 5137 894 5184 est
912 5114 1023 5184 (tueritne
1038 5127 1163 5185 Patricia

369 5221 424 5276 itio.
441 5218 508 5289 Quin
528 5221 614 5276 omnio
633 5238 691 5290 qaue
711 5221 738 5275 iu
760 5220 854 5275 utuudo
872 5230 941 5286 rnrtt,
962 5219 1164 5289 coucupiscentia

371 5316 454 5370 caruit
465 5324 512 5382 ert,
521 5326 544 5371 et
555 5316 757 5386 coucupiscentia
766 5315 908 5383 oculorum,
919 5323 942 5369 et
954 5314 1056 5369 corditio
1066 5312 1163 5380 recudi.

370 5422 427 5474 quoe
448 5423 499 5462 aou
519 5416 555 5462 αι
577 5423 594 5462 o
616 5404 704 5475 Putre,
728 5407 773 5461 red
786 5422 819 5461 es
838 5405 932 5461 arando
946 5417 992 5461 ert.
1006 5402 1041 5460 m
1054 5403 1165 5460 munder

372 5500 473 5566 transit,
488 5508 512 5554 et
525 5499 727 5570 concupiscentie
739 5499 802 5570 ejus.
818 5496 869 5565 Qut
877 5506 961 5551 utitem
969 5496 1067 5567 perficit
1077 5494 1166 5551 outnu-

372 5606 449 5647 tuteut
476 5592 540 5658 Dri,
564 5603 648 5645 muuvt
670 5592 696 5645 iu
720 5601 858 5653 cremium,
885 5590 948 5644 sicut
970 5598 994 5641 ot
1016 5586 1087 5642 Item
1108 5602 1164 5641 uto·

373 5695 414 5737 uet
427 5685 453 5737 iu
468 5693 590 5737 oetcrtturu
604 5679 713 5753 [idean.
737 5697 765 5745 ιι,
784 5678 885 5752 1511).
902 5678 972 5735 Ecce
981 5679 1074 5733 attubus
1087 5692 1165 5733 tntttt·

373 5777 423 5831 utris
446 5776 519 5839 dixi,
545 5786 572 5830 et
597 5784 818 5847 persequentem.
840 5784 868 5828 ct
885 5786 963 5843 quotu
988 5769 1166 5840 persequitur.

374 5867 438 5933 Quis
459 5876 499 5922 est
514 5866 629 5922 mundns
650 5863 829 5937 persequtus?
845 5863 937 5919 Oruniu
955 5878 1012 5935 quc
1027 5862 1054 5915 iu
1073 5860 1167 5916 mnttdo

376 5969 446 6023 taut,
476 5956 676 6029 coucupiscentia
701 5958 806 6026 currus,
834 5968 856 6011 et
881 5952 1083 6023 correspisceutin
1108 5968 1168 6006 ocu·

983 539 1012 591 S.
1034 530 1214 591 atcdstta't
1236 529 1383 587 liidSCOi‘i

1947 529 2001 584 581

1207 651 1298 716 tornat,
1311 662 1335 707 ει
1349 651 1450 706 urriditio
1468 655 1576 720 secuti,
1600 670 1656 727 qnoe
1670 670 1720 708 uon
1739 663 1776 708 eet
1795 670 1811 707 u
1836 652 1934 719 Patre,
1955 654 2002 707 ud

1206 759 1238 798 ex
1250 744 1343 798 murto
1356 753 1392 798 est
1408 759 1417 798 :
1432 754 1455 798 et
1468 745 1576 798 rainadus
1588 745 1688 799 tramit.
1709 743 1779 799 Ecce
1793 743 1841 799 iste
1861 751 1904 800 cst
1917 758 2000 798 mun·

1207 832 1256 889 dus
1271 848 1442 904 persequens.
1457 834 1521 901 Quis
1536 843 1576 890 est
1591 835 1704 890 muudus
1717 850 1795 904 quem
1813 833 2001 904 persequituri

1209 924 1327 994 Quisquis
1341 926 1426 996 secent
1440 927 1590 981 rotuutatem
1603 926 1661 992 pet,
1677 936 1760 980 rrum
1773 927 1799 981 iu
1814 938 1950 993 externum,
1965 926 2001 979 ri·

1206 1027 1248 1071 cut
1261 1025 1283 1072 et
1299 1016 1368 1073 Dent
1380 1028 1463 1072 utoaet
1476 1019 1502 1073 iu
1514 1031 1647 1074 eterunut.

1241 1107 1267 1163 S.
1280 1107 1393 1163 floridus
1402 1109 1428 1164 iu
1441 1108 1580 1180 Scripturis
1590 1109 1693 1180 uepres,
1706 1111 1847 1182 redemptus
1858 1120 1882 1164 et
1891 1109 2002 1164 ἀεικισ-

1207 1208 1256 1254 tur.
1276 1197 1328 1254 Sed
1349 1214 1427 1265 eoce,
1448 1200 1547 1271 illequi
1570 1202 1751 1271 persequitur,
1778 1201 1893 1255 mundus
1918 1215 2002 1255 voca·

1208 1299 1268 1345 tur:
1284 1289 1436 1359 probemus,
1451 1291 1473 1345 si
1489 1300 1516 1346 ot
1530 1291 1573 1346 iiie
1591 1292 1634 1361 qui
1657 1291 1868 1359 persecutionum
1888 1291 1999 1361 patitur,

1207 1381 1320 1436 muudus
1341 1393 1458 1436 vocatur.
1474 1385 1514 1436 An
1533 1397 1597 1437 vcro
1609 1382 1705 1436 surdus
1721 1396 1751 1436 es
1763 1382 1891 1438 adversus
1905 1396 2003 1439 vocent

1206 1474 1305 1530 Christi
1315 1474 1438 1541 dicentis,
1449 1475 1490 1528 vet
1503 1475 1590 1544 partius
1601 1473 1745 1543 Scriptura·
1756 1480 1856 1528 moretm
1867 1480 2003 1526 attestan-

1208 1566 1256 1629 tis,
1273 1565 1339 1620 dican
1367 1576 1421 1620 erut
1441 1567 1468 1619 iu
1496 1564 1595 1620 Christo
1620 1565 1740 1618 ruttrrdum
1758 1563 1925 1618 reconcitiour
1954 1560 2002 1616 ἃ

1208 1657 1239 1731 (11
1251 1658 1310 1714 Gor.
1322 1675 1347 1725 v,
1365 1658 1427 1733 top
1439 1659 1469 1714 Si
1479 1659 1531 1713 odit
1545 1674 1587 1712 ros
1602 1658 1719 1722 tranuntur,
1734 1658 1780 1723 ait,
1791 1658 1879 1712 scitote
1887 1657 1951 1727 quin
1962 1668 2005 1711 tre

1208 1750 1348 1820 primodio
1366 1749 1451 1802 notuit
1465 1747 1561 1819 (doun.
1582 1763 1627 1811 xv,
1642 1744 1705 1819 18).
1721 1747 1789 1802 Ecce
1800 1747 1857 1801 odit
1872 1745 1990 1801 mundns

1207 1839 1303 1907 Quem,
1323 1839 1373 1894 nisi
1394 1839 1541 1894 rritvndmu?
1556 1840 1639 1904 Quem
1653 1837 1798 1893 muudum?
1811 1836 1882 1892 om
1901 1846 1958 1891 eret
1975 1837 2003 1891 in

1207 1933 1306 1988 Christo
1319 1934 1440 1986 viteredum
1454 1932 1616 1986 recortciiinur
1628 1931 1685 1985 cidi.
1702 1930 1874 2008 Persequitur
1885 1928 2004 1985 :vrorum

1207 2021 1366 2078 damnatus:
1382 2021 1590 2091 persecutionem
1608 2023 1705 2091 patitur
1715 2019 1829 2076 tnurrdus
1841 2020 2003 2075 reconcilia·

1208 2122 1259 2168 tns.
1275 2114 1386 2169 Mundus
1404 2114 1560 2180 damnatus,
1572 2115 1698 2185 quidquid
1713 2125 1809 2183 pretor
1825 2113 1977 2168 Eoeiestaru
1993 2130 2003 2167 ε

1208 2203 1322 2259 ruurrdus
1334 2206 1529 2269 reconciliatus,
1543 2205 1673 2260 Eudosia.
1688 2204 1749 2258 Nou
1763 2204 1830 2259 euim
1839 2204 1908 2259 eeruit
1920 2202 2003 2257 Fitr'ur

1208 2295 1325 2362 itoutiuit,
1338 2296 1384 2362 ait,
1398 2306 1424 2349 ut
1429 2297 1527 2367 judicet
1539 2297 1670 2362 uutuduru,
1680 2296 1725 2350 sed
1735 2296 1880 2350 introiretur
1890 2294 2004 2349 rutttrdn

1209 2405 1254 2457 per
1266 2389 1349 2460 iprum
1363 2388 1417 2459 (dd.
1432 2405 1470 2456 ιιι,
1487 2388 1541 2460 ii).

1243 2479 1270 2537 9.
1292 2480 1413 2534 Outrtidur
1427 2483 1528 2552 jussum
1545 2490 1582 2537 est
1603 2491 1630 2535 ut
1645 2498 1673 2536 re
1686 2480 1816 2553 odareqeut.
1836 2480 1890 2537 Sed
1909 2479 1937 2535 iu
1952 2478 2004 2535 hoe

1212 2569 1312 2627 mutatio
1331 2579 1440 2636 sanicto,
1453 2572 1542 2639 bovo,
1558 2574 1738 2639 reconciliato,
1752 2573 1855 2627 salvato
1865 2589 1873 2635 ;
1883 2571 1939 2625 ium
1951 2570 2003 2626 sri-

1209 2663 1307 2728 vando,
1322 2679 1393 2720 nunc
1409 2675 1495 2719 :tutem
1510 2678 1557 2733 spe
1575 2665 1686 2730 salvato,
1702 2663 1755 2733 Spe
1772 2664 1838 2718 euim
1856 2662 1922 2717 sutri
1942 2661 2003 2731 {arti

1209 2773 1295 2810 saturus
1308 2760 1317 2829 1
1330 2755 1404 2811 diona.
1418 2771 1474 2819 ruit,
1489 2756 1545 2827 tt)
1560 2773 1567 2808 ε
1584 2755 1609 2810 iu
1624 2755 1675 2810 truc
1693 2772 1756 2824 erpo
1772 2755 1881 2815 rutundo.
1896 2754 1949 2810 tuoe
1961 2737 2013 2810 αι’

1210 2846 1344 2909 Ecclesia,
1364 2862 1423 2916 qua}
1441 2857 1494 2900 tota
1507 2846 1625 2916 sequitur
1643 2845 1796 2911 Christum,
1816 2846 2004 2901 universaliter

1209 2937 1287 3001 diuis,
1297 2938 1347 3003 Qui
1361 2941 1412 2992 orvtt
1422 2955 1460 2992 ute
1469 2940 1548 3005 requi,
1563 2938 1665 3011 udrtepet
1678 2941 1846 3008 metretipsurn.
1859 2938 1919 2994 Nur
1931 2938 2002 2995 ertit!

1211 3029 1261 3084 litut
1275 3029 1389 3098 t'irgittcs
1403 3028 1502 3083 debent
1515 3028 1616 3096 audire,
1631 3039 1658 3084 ει
1672 3031 1800 3084 tttarituttc
1815 3045 1868 3083 tritu
1883 3029 2002 3097 debent,

1210 3129 1255 3173 aut
1267 3120 1350 3174 vivitur
1364 3119 1472 3181 debent.
1486 3128 1514 3176 et
1528 3132 1615 3191 tuqttae
1626 3136 1677 3176 nou
1689 3122 1787 3177 debent
1800 3138 1807 3176 :
1822 3132 1868 3176 arat
1880 3122 2005 3177 irrouaeid

1209 3211 1318 3273 delneut,
1333 3221 1361 3265 et
1378 3212 1510 3281 conjugati
1529 3227 1580 3266 uon
1595 3213 1707 3278 debeut;
1722 3221 1766 3268 avit
1781 3213 1871 3268 cleriei
1885 3214 2003 3277 debent,

1211 3311 1238 3358 et
1253 3303 1309 3357 iaici
1325 3318 1376 3356 vrou
1390 3303 1487 3359 debent
1498 3321 1505 3357 :
1517 3303 1563 3358 sed
1577 3307 1700 3359 universa
1711 3305 1838 3367 Ecclesia.
1849 3306 2003 3362 usurarum

1210 3406 1317 3461 eorpus,
1327 3403 1422 3447 cuneta
1436 3393 1554 3448 trientina
1567 3409 1615 3463 per
1628 3393 1713 3448 uiticia
1727 3395 1832 3463 prupriu
1842 3394 2004 3453 distinrtaot

1210 3483 1366 3547 distributa,
1384 3494 1527 3554 sequautur
1548 3483 1690 3540 Christum.
1710 3484 1776 3541 'dota
1798 3496 1928 3556 sequatur
1948 3488 2002 3559 ipsa

1212 3574 1305 3640 runica,
1323 3585 1449 3644 sequatur
1462 3574 1594 3640 columba,
1610 3583 1737 3645 sequatur
1756 3590 1863 3649 sponna,
1879 3585 2004 3647 sequatur

1211 3663 1346 3734 redempta
1359 3672 1386 3719 ct
1400 3665 1488 3720 dotata
1505 3666 1633 3737 sanguiue
1647 3667 1748 3735 spousi.
1768 3667 1853 3722 trano
1866 3668 1904 3724 tot
1916 3670 2002 3725 torrent

1211 3769 1288 3810 sunm
1299 3756 1436 3827 integritas
1450 3756 1597 3825 virginalis;
1611 3757 1690 3813 inaltet
1702 3755 1737 3813 ibi
1751 3759 1838 3812 tinctum
1849 3774 1928 3815 strum
1940 3774 1990 3815 on

1212 3846 1321 3902 tinentia
1336 3847 1464 3911 viduatis;
1478 3848 1556 3904 inaltet
1570 3849 1603 3903 ibi
1615 3849 1701 3904 luterum
1712 3862 1788 3903 suum
1802 3850 1929 3920 pudicitia
1939 3866 2003 3907 oon-

1208 3938 1305 4009 jngatis
1321 3955 1393 3993 :unu
1412 3939 1446 3993 tut
1463 3939 1542 3995 habet
1561 3940 1647 3994 locum
1660 3956 1737 3995 suoru
1756 3940 1935 4009 adulterium
1950 3956 2001 3997 nott

1212 4034 1248 4088 itti
1261 4033 1340 4088 ltabct
1354 4035 1441 4088 luerim
1452 4048 1527 4088 strunt
1538 4032 1628 4088 itticua
1638 4041 1665 4087 ct
1675 4031 1807 4102 punienda
1821 4034 1938 4089 inscitia.
1952 4032 2002 4091 Ιςιί

1211 4132 1300 4179 auteur
1312 4123 1430 4178 nrcrultra
1443 4139 1503 4193 qua}
1515 4122 1613 4178 habeut
1623 4123 1658 4179 ibi
1672 4124 1758 4177 lucum
1772 4138 1850 4179 suurn
1866 4126 1894 4180 iu
1906 4140 2002 4196 gerrem

1211 4230 1278 4283 sno,
1292 4223 1320 4268 et
1332 4215 1358 4269 in
1371 4215 1429 4270 ioco
1443 4230 1501 4281 suo,
1516 4224 1542 4270 et
1558 4216 1583 4270 iu
1601 4231 1649 4271 sno
1663 4214 1752 4282 moda,
1766 4227 1913 4286 sequautur
1924 4217 2001 4275 Cirri-

1212 4317 1296 4374 stum3
1308 4307 1439 4377 abnegent
1450 4322 1493 4373 se,
1507 4309 1532 4363 id
1545 4318 1587 4366 est
1603 4325 1656 4364 uon
1668 4320 1830 4380 puesuimaut
1841 4311 1876 4367 de
1888 4326 1935 4378 ser
1951 4312 2003 4371 tut·

1211 4399 1267 4455 lant
1277 4413 1383 4454 crucem
1394 4415 1479 4463 rivam,
1490 4399 1515 4453 id
1528 4409 1578 4465 est,
1590 4400 1702 4457 tolerent
1713 4401 1740 4455 in
1752 4402 1851 4457 muudu
1865 4418 1915 4473 pro
1925 4404 2002 4459 Cirri-

1211 4499 1253 4546 sto
1266 4491 1392 4562 quidquid
1410 4491 1525 4547 intulerit
1540 4490 1663 4548 muudus.
1683 4495 1780 4547 Atueut
1793 4509 1854 4549 eoru
1870 4495 1915 4564 qui
1929 4494 2003 4550 sotus

1212 4599 1264 4639 non
1278 4583 1388 4655 decipit,
1405 4584 1451 4654 qni
1468 4584 1540 4640 solus
1558 4600 1611 4639 nun
1626 4582 1735 4650 inditur,
1756 4586 1829 4641 solus
1843 4602 1897 4640 nou
1912 4584 2002 4641 saliit:

1211 4684 1302 4729 sinent
1314 4689 1386 4742 enm,
1402 4675 1462 4745 qnia
1479 4690 1570 4731 vertam
1584 4675 1706 4746 estquod
1723 4678 1860 4746 promittit.
1875 4674 1928 4733 Sed
1942 4677 2002 4751 quir

1212 4780 1264 4821 uou
1280 4764 1359 4820 modo
1369 4765 1425 4830 dat,
1439 4765 1534 4822 titulat
1547 4766 1623 4822 sides.
1637 4767 1716 4833 oum,
1731 4782 1885 4837 persevera,
1901 4768 2002 4834 roien,

1211 4867 1286 4925 porta
1295 4856 1459 4923 ditationem,
1471 4867 1497 4913 ct
1509 4857 1589 4912 {iniisti
1599 4871 1716 4912 erucem.

1246 4947 1357 5003 CAPUT
1378 4947 1443 5002 1111.
1458 4978 1491 4989 -
1504 4948 1547 5004 10.
1573 4946 1642 5002 Varii
1655 4950 1750 5019 produn
1761 4950 1917 5018 sequentium
1928 4946 2004 5005 cart·

1210 5051 1290 5106 rtrum,
1312 5041 1402 5111 quidve
1430 5041 1456 5094 iu
1479 5041 1530 5095 tttta
1555 5042 1587 5095 rit
1612 5050 1678 5095 retro
1702 5043 1833 5111 respicere.
1852 5041 1912 5097 Nou
1932 5042 2004 5099 oteu

1211 5132 1284 5202 virgo
1298 5150 1304 5185 :
1320 5131 1380 5187 Sota
1392 5131 1427 5186 toi
1440 5146 1496 5188 ero.
1509 5131 1565 5186 Nou
1580 5132 1651 5186 euim
1664 5131 1720 5187 sola
1734 5132 1770 5186 itti
1784 5133 1835 5188 crit
1846 5132 1940 5201 diaria,
1955 5132 2002 5189 sed

1210 5222 1261 5279 crit
1281 5222 1316 5278 ibi
1334 5231 1362 5278 et
1383 5224 1458 5276 Anna
1477 5221 1564 5277 vidua.
1581 5220 1639 5277 Nou
1653 5222 1723 5278 dicat
1743 5233 1823 5293 rvupta
1838 5241 1845 5279 :
1862 5222 1948 5280 Vidua
1967 5222 2001 5279 tu

1210 5312 1271 5378 erit,
1283 5327 1403 5383 uoneqo.
1415 5312 1473 5368 Non
1488 5314 1559 5369 euim
1571 5315 1624 5369 erit
1645 5315 1681 5370 ibi
1703 5316 1789 5383 Anna,
1799 5326 1826 5371 et
1838 5330 1893 5371 nou
1906 5314 1943 5373 itt
1952 5318 2002 5373 erit

1210 5401 1339 5459 Susanna.
1351 5401 1403 5457 Sed
1415 5403 1492 5472 piane
1502 5403 1600 5460 iudese
1610 5403 1723 5476 probent
1732 5405 1776 5476 qni
1789 5405 1825 5461 ibi
1839 5405 1919 5463 futuri
1929 5418 2001 5475 ειιιιι,

1211 5505 1239 5548 ιιι
1252 5494 1297 5563 qui
1311 5492 1407 5549 habeut
1426 5494 1469 5548 tric
1488 5492 1640 5551 inferiorern
1655 5495 1760 5562 loeuur,
1775 5510 1829 5551 nou
1850 5496 2000 5563 inrident.

1210 5586 1256 5641 sed
1274 5587 1383 5657 diligant
1399 5585 1425 5641 iu
1447 5586 1507 5641 aliis
1521 5586 1657 5643 meliorem
1673 5588 1770 5643 iocum.
1789 5588 1912 5654 Etenim,
1928 5588 2001 5645 veriti

1210 5677 1307 5746 qratia,
1321 5674 1419 5733 iratres
1438 5678 1499 5739 mei.
1516 5687 1546 5733 ut
1557 5679 1702 5733 advertatis
1718 5696 1725 5733 a
1740 5681 1909 5752 coniugalem
1920 5681 2002 5737 ritant

1209 5767 1321 5837 opusque
1333 5767 1423 5837 etegit,
1445 5769 1623 5824 coutinentem
1638 5770 1718 5825 vitam
1740 5772 1852 5841 quisque
1871 5770 2002 5844 etegitnd

1212 5861 1255 5915 itte
1267 5860 1311 5930 qui
1325 5859 1404 5930 clegit
1423 5861 1503 5915 vitam
1520 5861 1696 5933 conjugalem,
1707 5866 1888 5934 concupiverit
1899 5872 2003 5921 attude-

1210 5951 1258 6017 ria,
1275 5961 1346 6006 retro
1361 5955 1491 6022 respexit;
1507 5952 1567 6006 iliud
1578 5953 1726 6024 concupivit
1735 5954 1806 6026 quaed
1819 5954 2002 6013 ittieuumert.
