4759 6684
352 587 407 650 m

355 709 473 763 uideram
488 707 635 762 immiteret
649 706 796 777 perit-utum.
814 704 869 762 Neo
895 713 983 761 tamen
1003 716 1030 761 et
1050 704 1146 759 divites

353 798 448 855 moedi
460 798 608 868 oontempti
619 807 691 852 smu.
706 797 739 852 Ει
753 798 825 866 ipsos
838 797 955 852 iueratts
967 806 1008 852 est
1019 810 1067 850 sua
1082 809 1147 867 pmr-

352 901 468 962 pertate,
482 891 528 962 qoi
548 904 608 946 eum
622 890 696 946 ones
713 900 794 957 esset,
809 898 916 961 propter
928 904 976 946 uos
995 904 1094 960 pauper
1107 888 1146 945 ei·

350 984 437 1040 uerus
450 992 503 1040 est.
516 983 583 1039 Num
606 977 628 1038 si
648 998 695 1039 eos
713 984 937 1054 eoruterrrpsisset,
950 993 976 1039 et
991 984 1016 1037 in
1033 997 1145 1038 uunrero

350 1084 507 1131 superorum
522 1074 622 1130 bubum
635 1075 774 1140 ouiuisset,
789 1090 841 1128 uou
854 1073 1006 1140 Tirnotireo,
1020 1075 1089 1129 sieut
1102 1073 1144 1129 di·

349 1167 455 1233 eebsur,
468 1165 614 1236 apostotus
625 1165 807 1235 percepisset,
820 1174 848 1220 ιιι
859 1173 884 1220 et
901 1165 957 1235 ipse
969 1165 1142 1236 praeciperet:

348 1257 478 1329 Proeripr,
491 1258 585 1328 inquit,
598 1256 715 1311 diuitibus
728 1256 804 1326 irrina
819 1256 908 1311 mrrrdi
919 1272 968 1310 non
983 1256 1087 1326 superbe
1099 1275 1143 1312 ιιι-

347 1366 415 1422 pere.
431 1349 504 1405 iuter
518 1348 568 1403 bos
582 1349 626 1419 qui
642 1347 694 1402 tide
708 1358 770 1402 sunt
782 1348 887 1415 divites,
904 1359 966 1404 suut
981 1349 1087 1420 quidam
1103 1349 1143 1405 di·

346 1443 415 1498 vires
424 1441 506 1510 trojus
520 1441 623 1494 mmuii.
634 1440 754 1510 ereetpe
767 1440 829 1505 iiiis,
842 1443 901 1511 quia
917 1452 942 1495 et
959 1442 1007 1511 ipsi
1022 1442 1142 1497 membra

345 1534 418 1588 iiiios
430 1534 558 1605 pauperis
573 1531 634 1586 iacti
648 1541 720 1586 sunt.
733 1532 849 1601 i'ro‘eipe
862 1532 913 1586 iliis
925 1532 988 1603 quid
1005 1533 1030 1587 in
1046 1533 1097 1587 iiiis
1109 1534 1141 1588 ti·

345 1639 423 1680 oreas
435 1639 451 1677 a
464 1624 573 1678 diritiis,
589 1621 649 1677 ii'ou
669 1622 774 1694 superbe
791 1640 887 1695 supere,
903 1641 981 1695 treptie
995 1642 1097 1698 sperare
1115 1626 1141 1680 in

341 1717 443 1770 incerto
456 1715 608 1769 diritinrruu.

382 1806 497 1863 CAPUT
516 1805 546 1862 tt.
561 1837 594 1845 —
611 1804 673 1860 iude
686 1805 756 1860 euim
770 1806 889 1876 superbit
902 1807 990 1873 diros,
1004 1807 1064 1879 rpriu
1078 1824 1139 1878 spe·

342 1906 387 1953 rut
407 1898 434 1952 iu
454 1898 554 1952 irreerto
569 1897 730 1952 diuitiarum.
744 1897 810 1952 Num
831 1898 852 1952 si
874 1899 972 1953 incerta
989 1899 1138 1953 diuitiarum

341 1990 492 2062 prudenter
511 1990 669 2051 attenderet.
685 2006 819 2061 rrnmpram
831 1992 990 2061 superbiret,
1007 1994 1052 2047 sed
1067 2008 1138 2047 sem-

341 2096 393 2152 per
409 2082 517 2138 uiueret
530 2098 537 2135 z
552 2089 654 2151 quatuo
667 2088 739 2136 esset
752 2081 841 2143 ditior,
857 2091 930 2137 tauto
946 2083 1020 2139 tieret
1035 2082 1137 2137 solliei-

342 2172 408 2239 tior,
422 2183 449 2229 et
462 2172 608 2228 seemrdum
625 2173 692 2228 bane
704 2174 796 2238 uitam,
812 2188 865 2227 nou
884 2174 969 2228 soium
990 2174 1136 2230 secuudum

340 2265 427 2320 ittam.
438 2266 513 2321 bituiti
527 2268 598 2321 enim
612 2266 637 2319 in
654 2266 711 2319 istis
724 2266 814 2320 saecuii
833 2265 1075 2336 perturbationibus
1094 2280 1137 2320 se·

339 2357 464 2413 curiores
477 2371 608 2428 pauperes
624 2357 740 2412 inerunt.
753 2357 824 2411 biubi
844 2366 930 2411 autem
950 2366 1056 2427 propter
1073 2373 1134 2412 snas

338 2451 448 2506 diritius
468 2450 571 2521 quesiti
591 2459 618 2506 et
641 2450 755 2522 corrupti
779 2460 851 2505 sum.
864 2450 937 2505 biubi
959 2466 989 2505 se
1010 2449 1135 2507 babuisse

339 2541 598 2614 praescrutatione
613 2556 719 2611 semper
739 2542 837 2597 trabere
853 2542 961 2598 minime
981 2551 1133 2612 potueruut.

339 2633 440 2689 diuites
454 2634 577 2705 poeuituit
590 2632 729 2689 eonsilium
747 2635 785 2688 sui
800 2634 904 2690 Domini
921 2650 972 2689 nou
990 2636 1133 2703 recepisse,

340 2728 387 2797 rpri
406 2725 493 2782 disit:
509 2724 595 2781 Notite
609 2727 677 2782 reiis
692 2730 822 2782 tiresmtror
836 2726 943 2782 condere
956 2728 983 2781 iu
996 2737 1077 2793 terro,
1092 2727 1134 2782 nn

338 2820 410 2875 tineo
427 2828 450 2875 et
463 2833 604 2875 comesturo
622 2821 779 2886 exterminat,
795 2828 818 2874 et
831 2821 875 2874 udi
889 2824 958 2891 furer
972 2819 1095 2887 effodiunt
1110 2830 1134 2874 et

338 2914 461 2982 {mentm
478 2928 488 2966 .·
504 2912 549 2966 sed
571 2913 737 2966 tiresnurimte
757 2912 825 2968 uobis
846 2913 990 2968 tbesourum
1007 2913 1034 2967 in
1053 2913 1132 2967 retia.

1039 588 1154 647 Sbttstu
1173 590 1292 656 bittit.

1942 610 1994 674 111

1203 720 1325 768 mortuus
1347 720 1466 787 sepultus
1489 731 1530 775 est
1553 722 1579 776 iu
1603 721 1715 779 interno
1736 725 1769 781 Et
1789 726 1851 797 quid
1876 729 1994 786 inreuit’

1201 801 1338 861 AEternam
1350 807 1432 874 sitim,
1445 810 1626 870 indeficientes
1637 815 1766 872 dammas.
1779 818 1913 876 Successit
1924 822 1992 892 ignis

1201 908 1324 964 purpure
1338 908 1366 953 et
1381 901 1461 972 bysso
1478 921 1485 953 τ
1499 918 1530 958 ra
1545 905 1632 961 tunira
1655 906 1774 977 ardebat,
1788 926 1839 980 qua
1853 927 1882 966 se
1896 927 1991 982 exspu-

1200 987 1265 1041 iiare
1277 1003 1329 1042 nou
1345 999 1457 1061 poteret.
1480 994 1531 1049 Pro
1550 997 1634 1067 epuiis
1654 998 1773 1064 ariditas,
1790 987 1990 1060 etdrsideriuur

1199 1085 1279 1147 guttae
1290 1079 1323 1136 de
1333 1081 1415 1152 digito
1430 1087 1563 1156 pauperis,
1578 1098 1647 1144 seut
1662 1091 1698 1145 iiii
1713 1092 1840 1147 mierrum
1852 1093 1886 1148 de
1898 1110 1990 1151 mense

1197 1167 1286 1225 divitis
1300 1172 1319 1225 ¹.
1332 1172 1384 1228 Sed
1407 1174 1475 1230 itiius
1496 1188 1600 1248 egestas
1621 1182 1791 1250 preteriens,
1811 1183 1889 1253 buius
1911 1200 2001 1258 pomer

1198 1274 1357 1331 perimamus
1372 1269 1382 1298 ¹
1395 1266 1469 1339 (dur.
1483 1285 1535 1333 sm,
1552 1270 1655 1338 11116).
1671 1273 1727 1330 iioc
1742 1276 1879 1332 attendant
1892 1278 1989 1334 diriter

1197 1350 1276 1422 hujus
1291 1357 1391 1423 muudi,
1405 1368 1432 1413 et
1445 1376 1497 1415 uon
1514 1362 1628 1432 superbe
1641 1364 1754 1434 sapiant.
1766 1365 1854 1421 Fuciie
1867 1369 1987 1437 tribuunt,

1196 1448 1380 1503 contuturriceut
1393 1466 1403 1504 .·
1416 1452 1582 1508 tirrsourizrnt
1594 1456 1642 1509 sibi
1656 1455 1847 1526 [undamentum
1859 1458 1951 1513 ionum
1962 1461 1988 1514 irr

1196 1541 1308 1608 {utuntur
1315 1557 1325 1605 ,·
1339 1541 1382 1597 ubi
1396 1553 1458 1598 suut
1470 1547 1524 1599 reri
1535 1546 1658 1615 dirites⁸,
1668 1548 1714 1603 sed
1726 1566 1778 1604 uun
1791 1550 1867 1621 buius
1878 1552 1987 1610 mumii:

1195 1636 1223 1681 ιιι
1235 1632 1426 1698 apprehendunt
1438 1650 1520 1689 rerum
1534 1637 1619 1690 ritum.

1229 1718 1342 1778 dtrbr
1354 1723 1407 1777 vtt.
1422 1755 1458 1765 -
1472 1726 1498 1778 i.
1513 1726 1610 1781 Divitiis
1626 1728 1783 1783 interioribus
1795 1731 1892 1785 diuites.
1904 1730 1986 1788 Forte

1194 1826 1257 1882 ergo
1275 1810 1326 1867 boe
1345 1814 1481 1870 admonuit
1502 1815 1637 1887 Scriptura
1657 1808 1765 1884 diuina,
1785 1821 1827 1877 ubi
1842 1821 1897 1889 ait,
1918 1820 1988 1878 Sunt

1192 1907 1236 1976 qui
1247 1922 1272 1960 re
1287 1907 1374 1961 diuites
1385 1906 1515 1974 affectant,
1527 1909 1590 1964 uiirii
1601 1911 1727 1973 imitentes.
1740 1923 1848 1983 propter
1856 1914 1985 1985 superbos

1193 2010 1336 2064 portuosus.
1348 1997 1376 2051 Si
1385 1999 1455 2052 euim
1470 1999 1514 2053 rix
1533 2001 1661 2056 toieratur
1679 2003 1754 2057 diros
1768 2003 1908 2073 superbus,
1920 2018 1985 2074 peu·

1191 2103 1281 2157 pererra
1292 2090 1434 2158 superbum
1458 2092 1516 2160 orris·
1525 2090 1610 2146 ierat?
1622 2093 1743 2149 bieiiores
1751 2104 1812 2149 suut
1821 2111 1886 2166 ergo
1895 2096 1931 2151 iiii
1939 2098 1983 2167 tpti

1190 2194 1221 2234 se
1234 2177 1390 2248 humilium,
1406 2169 1466 2235 curu
1485 2182 1538 2236 sim
1551 2181 1656 2238 divites.
1671 2182 1860 2240 Verumtamen
1879 2185 1913 2241 de
1923 2186 1984 2243 aiiis

1190 2269 1289 2325 divitiis
1309 2284 1338 2326 se
1360 2270 1449 2326 dicere
1474 2272 1609 2342 Scriptura
1632 2283 1744 2329 testatur
1766 2291 1773 2328 ε
1794 2286 1885 2330 secuta
1909 2278 1981 2332 euim

1188 2360 1308 2430 adiunxit
1321 2401 1328 2425 ,
1343 2359 1493 2432 Redeurptio
1511 2364 1603 2417 ιιιιιίιιιιι
1622 2364 1668 2417 riri
1682 2364 1775 2419 dieitioe
1793 2367 1867 2435 ejur,·
1886 2382 1984 2439 pauper

1188 2461 1271 2506 autem
1290 2468 1340 2506 uon
1361 2451 1449 2519 suffen
1463 2454 1554 2507 urinas.
1578 2453 1726 2525 intelligere
1740 2456 1870 2512 debemus
1881 2472 1914 2513 er
1928 2458 1981 2514 alia

1188 2544 1342 2614 nescioquo
1363 2554 1516 2614 paupertate
1535 2560 1699 2615 pauperem,
1715 2554 1786 2603 etes
1809 2549 1868 2604 aitis
1891 2546 1982 2606 neseio

1187 2635 1284 2704 quibus
1297 2634 1396 2689 diuitiis
1408 2636 1526 2690 diuitem.
1542 2636 1627 2691 ditius
1641 2638 1712 2691 euim
1728 2638 1841 2704 divites,
1859 2640 1885 2695 in
1899 2640 1980 2697 eorde

1187 2724 1300 2792 onnes,
1317 2726 1386 2796 pieni
1400 2724 1552 2783 tortitudine
1564 2771 1571 2794 ,
1585 2728 1665 2798 opimi
1681 2730 1777 2798 pietate
1791 2773 1798 2796 ,
1814 2731 1980 2790 abundantes

1186 2817 1325 2882 charitate,
1341 2833 1430 2873 secum
1448 2828 1510 2873 sum
1524 2818 1629 2887 divites,
1644 2821 1784 2877 interiores
1796 2832 1859 2878 suut
1872 2824 1978 2881 diuites.

1187 2909 1255 2964 Sum
1267 2921 1353 2964 aunem
1368 2910 1411 2980 ptri
1422 2927 1448 2965 se
1460 2911 1548 2964 diriter
1561 2910 1692 2979 affectant,
1708 2929 1764 2967 eum
1776 2915 1827 2968 sint
1837 2930 1958 2985 pauperes
1971 2931 1980 2972 .·

336 3002 400 3058 iiou
421 3004 482 3059 dieo
503 3005 578 3060 robis
599 3013 628 3058 ut
649 3005 774 3073 perdatis.
797 3004 845 3060 sed
865 3016 893 3060 ut
914 3006 1043 3075 migretis.
1059 3005 1133 3060 biubi
1183 3004 1248 3074 justi
1267 3004 1317 3059 sibi
1337 3004 1476 3065 ridentur,
1491 3020 1551 3059 eum
1575 3005 1628 3060 sim
1647 3005 1740 3076 iniqui.
1757 3006 1867 3062 biritias
1880 3009 1979 3079 quippe

337 3097 412 3151 euim
428 3097 478 3152 boe
493 3095 580 3152 iacere
594 3097 745 3164 uoluerunt,
756 3107 783 3154 et
798 3113 850 3152 non
861 3114 891 3153 se
905 3096 1028 3153 obedisse
1040 3096 1134 3155 deine·
1186 3096 1246 3152 iiius
1259 3097 1405 3166 iuteiiipere
1418 3096 1545 3151 debemus
1560 3115 1566 3150 :
1580 3099 1705 3166 orrortiom
1721 3098 1824 3167 aperuit
1838 3100 1977 3171 Scriptura

336 3198 420 3253 ιἰιιιις
435 3187 542 3259 quando
560 3204 613 3243 troo
637 3189 723 3244 seium
744 3204 790 3244 sua
813 3189 995 3259 perdiderunt,
1010 3188 1056 3242 sed
1073 3204 1134 3259 pru-
1185 3189 1247 3259 quid
1262 3189 1374 3254 dixerit,
1391 3190 1537 3254 Redemptio
1551 3191 1642 3244 ordume
1656 3189 1704 3245 uiri
1717 3189 1810 3246 diuitiae
1823 3193 1922 3261 ipsius,
1937 3192 1978 3248 iu·

337 3290 401 3351 pter
413 3279 458 3335 itia
470 3290 496 3335 er
510 3280 559 3351 ipsi
571 3281 716 3350 perierunt.
728 3278 843 3351 Principe
854 3295 918 3350 ergo
930 3280 1046 3335 diuitibus
1056 3280 1133 3352 irnjm
1185 3280 1292 3351 tetiige,
1306 3281 1407 3350 iuquit,
1420 3296 1484 3350 quas
1503 3280 1550 3335 ribi
1572 3280 1677 3336 diuitias
1695 3283 1890 3339 commendem.
1907 3285 1978 3352 Quo

337 3374 429 3428 muudi
449 3389 500 3427 non
518 3373 624 3443 superbe
636 3391 725 3442 rupere
736 3390 744 3427 :
756 3383 783 3427 et
797 3373 841 3428 iiet
856 3373 882 3427 iu
895 3374 934 3429 eis
949 3376 1019 3443 tpuod
1032 3374 1133 3428 audiri·
1186 3374 1255 3426 uiam
1270 3371 1335 3437 disi,
1350 3370 1473 3442 Surripui
1486 3389 1512 3424 se
1524 3371 1611 3427 diuites
1624 3371 1752 3440 aperiunt,
1766 3373 1833 3428 uiitii
1842 3376 1978 3441 itubeutes;

336 3479 400 3522 mos
422 3466 449 3521 in
470 3466 610 3535 prouerbio
623 3465 784 3531 briorrrouis,
800 3465 866 3521 Sunt
880 3467 923 3536 qni
940 3483 966 3520 se
987 3466 1131 3533 intuitioni,

336 3568 395 3610 rm
405 3557 455 3610 sint
467 3556 564 3610 diriter.
577 3556 611 3611 Et
624 3572 695 3610 seru.
707 3556 769 3610 dmn
783 3557 846 3610 istus
856 3555 961 3610 diritius
972 3558 1132 3628 temporales

338 3650 397 3706 iteri
420 3657 518 3720 potest.
529 3648 571 3705 su
584 3635 692 3704 immitis
707 3665 713 3701 :
731 3649 789 3719 pius
802 3646 916 3719 garrdeat
934 3648 994 3720 quia
1010 3650 1132 3707 cirristia·

338 3756 390 3797 uus
403 3750 544 3812 est,ouam
559 3740 619 3812 utria
631 3739 705 3795 diues
717 3751 766 3796 est.
778 3739 836 3796 Nun
851 3739 968 3805 iubetur,
982 3758 1034 3796 nou
1047 3743 1132 3797 extoi-

337 3831 408 3888 iotur
422 3851 429 3887 :
444 3831 565 3889 attendat
584 3847 727 3902 pauperem
750 3830 875 3897 iratrem,
896 3848 949 3888 uon
973 3832 1132 3904 dedignetur

335 3924 422 3979 irater
430 3923 556 3994 pauperis
565 3924 702 3994 appetisti.
716 3924 964 3996 Quantumcumque
975 3927 1045 3981 euim
1057 3908 1140 3981 direu¹

333 4017 381 4083 sit,
395 4017 476 4070 ditior
488 4027 530 4071 est
543 4016 676 4079 uturum,
698 4017 743 4086 qui
764 4016 859 4072 iratres
880 4033 943 4071 suos
965 4032 1025 4091 esse
1049 4017 1131 4073 uoluit

334 4123 385 4179 pro
399 4107 497 4178 quibus
509 4106 663 4179 sanguinent
678 4122 755 4162 suum
771 4107 849 4162 indit.

368 4198 486 4256 11111111·
506 4199 548 4254 Vi.
562 4230 597 4239 -
611 4200 638 4255 d.
652 4198 749 4255 divitie
761 4199 795 4253 ad
807 4199 869 4270 qnid
882 4200 999 4270 prodesse
1012 4211 1127 4272 possum.

333 4290 436 4348 Tamen
459 4307 493 4348 oe
514 4292 634 4347 dieereut
652 4291 757 4359 duitor,
772 4308 825 4348 oou
843 4309 873 4349 se
893 4292 992 4349 babere
1005 4294 1068 4365 quid
1089 4294 1129 4350 ia·

332 4384 406 4439 ciant
420 4383 454 4439 de
471 4383 571 4440 diuitiis
592 4386 664 4451 suis,
682 4384 819 4440 admonuit
838 4385 1022 4454 Timotheum,
1039 4399 1068 4442 ut
1082 4402 1129 4442 eos

332 4477 413 4532 etiam
426 4476 540 4532 consitio
554 4485 668 4549 regeret,
685 4492 736 4532 uon
757 4476 843 4531 sotum
865 4486 998 4549 praerepto
1017 4479 1128 4534 cobibe-

332 4578 375 4626 ret
389 4586 398 4624 ι
410 4585 473 4625 eum
495 4570 620 4636 dixisset,
632 4568 722 4643 Neque
742 4586 844 4640 spernre
864 4571 891 4624 in
912 4571 1005 4625 incerto
1024 4570 1126 4625 diuitia-

332 4676 444 4727 noune
454 4677 484 4717 se
494 4677 568 4732 spem
575 4658 930 4734 perdidissearbitraremur,
938 4662 1059 4731 subjecit,
1074 4661 1128 4719 Seri

332 4752 359 4809 irt
383 4753 436 4809 Deo
454 4755 520 4820 tiro,
539 4755 581 4825 ptri
599 4763 701 4825 prestat
720 4753 791 4807 uobis
812 4753 896 4807 onorio
917 4754 1075 4808 oirunduuter
1093 4755 1127 4808 od

330 4847 470 4918 [nendum
486 4861 496 4900 :
510 4845 666 4914 temporatia
679 4844 711 4899 ad
726 4843 865 4910 utendum,
879 4853 977 4899 aternu
991 4844 1022 4898 ad
1037 4844 1126 4900 irueu·

330 4937 407 4993 tium.
418 4937 473 4994 Sed
493 4936 527 4992 de
549 4936 649 4992 diuitiis
668 4937 723 4991 suis
738 4934 801 5007 quid
821 4934 936 4990 iaciunt?
951 4933 1045 4990 divites
1060 4935 1122 5005 sint,

329 5030 426 5102 inquit,
444 5032 472 5085 iu
491 5028 607 5101 operibns
631 5029 712 5093 bortis,
731 5027 806 5100 iuriie
819 5029 939 5082 tribuunt.
955 5027 1009 5082 iioe
1025 5029 1125 5098 prosint

329 5122 450 5189 divitiae,
473 5138 507 5178 ne
524 5121 562 5176 'sit
586 5122 633 5178 tibi
656 5120 798 5176 diiiieuitas
823 5120 965 5178 tribuendi.
981 5121 1125 5178 initeuim

329 5228 443 5287 pauper,
464 5222 493 5269 et
516 5229 568 5268 nou
593 5222 680 5285 potest
693 5230 699 5266 :
712 5212 765 5267 ruit
786 5210 871 5281 dives,
885 5222 912 5267 et
927 5221 1022 5282 potest.
1037 5211 1126 5267 Fueiie

330 5305 454 5370 tribuum,
468 5304 662 5368 courrnuuiceut,
679 5303 845 5357 thesaurizent
865 5302 912 5357 sibi
934 5302 1125 5371 fundumentum

328 5397 423 5453 iorum
434 5399 460 5450 iu
468 5397 593 5466 istorum,
602 5406 630 5450 ut
639 5393 829 5467 uppreirendaut
840 5411 923 5450 rerum
935 5396 1010 5449 uitam
1025 5395 1046 5467 (i
1056 5393 1122 5449 Tim.

329 5503 366 5557 rr,
379 5488 486 5559 t‘t-tu).
499 5488 564 5543 Nam
578 5488 627 5542 ista
639 5490 692 5542 vita
705 5487 770 5542 ioisa
779 5496 831 5543 est.
843 5487 927 5559 iiujus
939 5487 998 5542 ritae
1010 5488 1124 5545 iuisitate

327 5581 458 5652 deeeptus
472 5580 516 5636 iiie
535 5581 561 5635 in
575 5594 690 5652 purpura
711 5589 738 5636 et
757 5580 848 5652 bysso,
864 5580 998 5653 jacentem
1019 5583 1123 5638 uiceru-

329 5687 389 5728 surtr
405 5686 548 5743 pauperem
567 5683 629 5728 aute
643 5686 718 5727 suam
736 5671 844 5742 januam
862 5672 1059 5727 contemnebat.
1070 5671 1123 5729 Sed

327 5761 375 5819 iiie
399 5763 500 5817 iiuetus
520 5778 535 5817 a
558 5761 679 5827 eauibus,
702 5762 855 5818 thesaurum
875 5761 925 5817 sibi
946 5773 1074 5818 :eremum
1097 5765 1122 5818 iu

328 5852 445 5911 Abrabae
456 5853 561 5925 gremio
577 5852 763 5926 eoruparabat,
778 5861 806 5910 et
820 5853 842 5908 si
855 5868 907 5910 uon
922 5852 1067 5908 airuuduuti
1083 5852 1122 5908 iu·

327 5946 440 6014 euitare,
457 5946 499 6018 pia
515 5957 604 6001 tumeo
616 5954 643 6002 et
656 5946 744 6017 opima
759 5947 905 6002 roirrutate.
919 5944 965 6000 iiie
979 5956 1066 6001 autem
1080 5944 1120 6001 di·

328 6046 385 6106 ια,
400 6038 446 6110 rpri
466 6036 516 6094 sibi
537 6052 648 6109 irruguus
662 6035 800 6093 ridebatur
812 6036 838 6092 iu
853 6048 967 6108 purpura
985 6044 1011 6093 rt
1030 6034 1119 6109 bysso,

1185 3475 1209 3519 et
1222 3464 1335 3534 surripui
1348 3480 1374 3518 se
1387 3462 1530 3528 immitium,
1546 3482 1603 3518 eunt
1616 3468 1667 3520 sint
1680 3465 1787 3531 diuites,·
1802 3468 1860 3523 iiius
1874 3476 1976 3540 tempu·

1185 3555 1256 3609 raies
1268 3565 1294 3609 et
1314 3565 1433 3609 terrenas
1452 3563 1478 3609 et
1491 3555 1609 3611 risibiles
1630 3556 1735 3612 diritius
1753 3559 1889 3627 cogitabas
1905 3578 1912 3613 :
1926 3577 1975 3631 eps

1184 3654 1272 3700 autem
1294 3660 1347 3700 nou
1367 3646 1438 3715 ipsas
1451 3645 1522 3713 dieu,
1542 3646 1589 3702 sed
1601 3660 1668 3718 qous
1681 3648 1766 3702 dicam
1782 3659 1978 3720 cousequenter

1183 3736 1334 3804 admoueo;
1349 3736 1498 3806 Redemptio
1516 3738 1609 3792 aniuue
1627 3739 1692 3804 oiri,
1707 3739 1800 3794 divitie
1814 3741 1893 3812 ipsius
1906 3752 1975 3798 ιιιιιι.

1183 3828 1254 3899 Ergo
1279 3827 1324 3898 qui
1348 3844 1400 3883 uon
1421 3828 1517 3883 babent
1542 3830 1638 3883 auitum
1662 3830 1894 3899 redemptionem,
1915 3833 1975 3905 quio

1183 3919 1265 3989 iuitpri
1279 3929 1340 3973 suut
1353 3962 1360 3985 ,
1374 3928 1401 3973 et
1413 3919 1498 3988 justos
1515 3934 1544 3974 se
1564 3919 1647 3973 rideri
1662 3920 1803 3985 aiieetaut,
1818 3923 1879 3992 quia
1894 3924 1977 3997 trypo-

1182 4009 1255 4065 oribe
1269 4017 1347 4076 sunt,
1363 4010 1410 4079 ipsi
1426 4017 1488 4064 sunt
1500 4008 1534 4064 de
1547 4009 1641 4081 quibus
1653 4009 1706 4075 ait,
1720 4008 1786 4066 Sunt
1798 4013 1841 4084 tpri
1851 4030 1878 4067 se
1890 4014 1977 4071 diuites

1182 4101 1317 4169 affectunt,
1334 4102 1398 4156 rriirii
1410 4102 1527 4157 trabentes
1540 4103 1644 4172 :justos
1658 4117 1688 4158 se
1702 4104 1793 4160 roiuut
1805 4105 1900 4171 uideri,
1915 4123 1975 4163 enm

1182 4194 1209 4248 in
1223 4194 1290 4249 celia
1305 4194 1474 4249 eotneieutiae
1495 4210 1547 4250 uon
1564 4193 1679 4250 babeant
1698 4211 1792 4251 aurum
1808 4197 1926 4268 justitiae.
1943 4198 1976 4255 Ει

1181 4296 1243 4342 suut
1265 4288 1333 4357 pieni
1350 4288 1380 4355 ⁸,
1397 4298 1469 4345 tanto
1485 4288 1655 4355 immitium,
1674 4297 1773 4360 quomo
1792 4290 1925 4348 ditiores:
1941 4291 1975 4350 de

1180 4385 1278 4454 quibus
1298 4385 1396 4441 dietum
1416 4395 1474 4453 est,
1490 4384 1563 4441 Beati
1584 4404 1706 4458 pauperes
1727 4387 1838 4458 spirito,
1854 4385 1970 4458 ponto

1180 4482 1292 4551 ipsorum
1303 4487 1338 4532 est
1351 4496 1455 4551 repumn
1470 4477 1588 4533 coeiorrou
1600 4477 1705 4551 tiiattir.
1718 4495 1746 4545 v,
1760 4477 1798 4551 5).

1216 4569 1328 4624 ctt‘dr
1343 4568 1409 4623 titt,
1426 4601 1460 4610 -
1479 4571 1506 4626 8.
1524 4569 1660 4625 interiores
1679 4572 1781 4636 diuitiae,
1803 4570 1888 4640 fides,
1907 4586 1971 4624 onro

1180 4663 1348 4735 proferenda.
1363 4661 1431 4730 Quid
1445 4678 1508 4734 ergo
1520 4662 1617 4732 quouis
1628 4662 1743 4728 diuitias,
1758 4677 1817 4732 qum
1831 4660 1917 4717 ocuiis
1927 4659 1973 4714 im·

1179 4755 1265 4810 omnis
1279 4765 1304 4810 et
1319 4755 1423 4810 carneis
1436 4754 1622 4809 bimrdinutur?
1635 4755 1717 4810 Lucet
1727 4770 1821 4810 aurum
1838 4754 1901 4811 :sed
1913 4754 1973 4825 pirus

1178 4848 1248 4901 incet
1263 4845 1338 4901 ides.
1354 4845 1428 4916 Elige
1441 4845 1503 4917 quid
1524 4846 1549 4899 iu
1563 4845 1643 4902 eut-de
1665 4845 1763 4901 babere
1776 4845 1884 4901 debeas.
1899 4845 1972 4902 intus

1179 4940 1273 5010 pieuus
1285 4949 1363 5005 esto,
1378 4939 1420 4993 ubi
1435 4937 1540 4993 diuinas
1557 4949 1613 4993 tum
1630 4938 1699 4995 Deus
1715 4938 1806 5005 ridet,
1821 4937 1902 4992 bomo
1915 4955 1968 4994 nou

1178 5035 1260 5088 ridet.
1274 5034 1327 5088 b'ee
1346 5044 1433 5087 tumen
1457 5033 1517 5102 qrrin
1533 5032 1613 5087 bomo
1628 5049 1680 5088 nou
1701 5033 1793 5097 ridet,
1817 5034 1877 5088 ideo
1890 5033 1971 5089 debes

1178 5137 1349 5182 etmtrmuere
1370 5124 1441 5195 quod
1463 5126 1533 5179 intus
1557 5125 1650 5180 babes.
1674 5125 1720 5180 i'is
1741 5124 1853 5189 uidere,
1869 5125 1972 5195 quiam

1178 5218 1262 5273 neniis
1274 5217 1423 5287 iniquorum
1437 5215 1496 5287 pius
1510 5214 1580 5270 lueet
1593 5214 1668 5280 tides,
1684 5230 1762 5284 quam
1774 5214 1887 5268 aurum?
1899 5212 1970 5281 Quu-

1177 5310 1258 5365 modo
1273 5307 1361 5362 iaudat
1380 5307 1459 5362 etiam
1473 5322 1568 5360 auarus
1583 5307 1706 5361 domiuus
1720 5321 1826 5362 serrum
1843 5305 1971 5362 fideietrt?

1177 5402 1247 5458 b'iirii
1262 5402 1307 5456 iiio
1317 5399 1379 5453 dit-it
1393 5413 1451 5453 esse
1464 5398 1606 5468 pretiosius
1620 5414 1627 5450 ε
1641 5398 1694 5452 imo
1708 5413 1768 5452 emu
1783 5398 1892 5453 omuino
1908 5414 1970 5471 pru-

1178 5495 1242 5550 tium
1260 5509 1311 5547 nou
1326 5492 1424 5547 babere
1437 5498 1557 5546 testatur.
1573 5490 1663 5547 ilabeo
1677 5507 1795 5558 sertum,
1809 5490 1903 5561 inquit,
1915 5507 1969 5546 uro

1210 5613 1218 5643 ¹
1232 5619 1281 5658 ιιιι.
1293 5615 1331 5656 rr.
1351 5614 1377 5656 et
1390 5607 1533 5656 sturionieus
1547 5613 1598 5667 trs..
1616 5603 1720 5657 maditus
1729 5609 1780 5655 erut
1791 5602 1823 5663 ei,
1838 5608 1862 5653 et
1872 5601 1969 5654 deside·

1176 5673 1241 5723 rimu
1251 5675 1324 5732 prrtttr
1335 5668 1365 5719 de.
1375 5666 1449 5732 dipito
1460 5667 1580 5732 pauperis,
1594 5665 1655 5717 siout
1666 5663 1702 5716 iiii
1713 5665 1831 5716 udcnrunt
1845 5664 1876 5714 de
1887 5677 1969 5715 inmun

1176 5732 1258 5785 diritis
1268 5729 1400 5794 indiqrutm
1411 5728 1465 5792 [ruit.
1772 5787 1787 5797 ..
1848 5780 1854 5790 ,
1976 5734 1984 5747 '

1208 5799 1218 5828 ¹
1230 5785 1372 5845 sorbonicus
1381 5799 1422 5842 its.
1434 5789 1565 5842 :sedidius
1575 5796 1667 5853 mestos
1677 5785 1883 5853 premereiment
1894 5799 1967 5852 pern

1176 5861 1384 5966 ”emmoniae
1396 5913 1546 5984 sorbomoss,
1558 5911 1597 5961 nbi
1607 5911 1655 5962 sint
1663 5909 1714 5962 reri
1724 5909 1817 5986 duritem
1869 5973 1883 5984 ..

1208 5981 1283 6092 iltor.
1297 5984 1322 6027 ιι
1331 5990 1377 6026 nort
1389 5981 1442 6027 sord
1458 5978 1529 6039 pirna.
1544 5975 1625 6035 rbem,
1645 5987 1702 6038 nort,
1715 5975 1747 6025 rb
1760 5973 1832 6026 mitto
1842 5975 1898 6026 sins
1908 5979 1935 6025 rt
1950 5985 1965 6021 a

1177 6054 1217 6095 sur
1227 6048 1303 6092 mutto
1315 6046 1354 6088 its.
