4759 6684
455 515 484 577 p
1045 510 1074 567 s.
1095 507 1276 568 tuousunt
1298 508 1452 566 oniscon

430 629 561 691 maritali,
582 639 718 699 parentem
740 635 827 682 tameo
848 625 962 679 trabelrat
977 632 1125 694 utrumque.
1143 622 1218 678 Unde

432 721 481 774 bot:
496 719 654 788 probamus?
664 718 721 772 lam
735 717 801 772 dixit
814 717 904 780 llario,
918 713 995 769 Potrr
1008 726 1064 768 tuto
1077 725 1101 769 et
1114 730 1159 784 epo
1173 712 1219 765 do·

431 810 507 865 lenter
515 806 686 877 prtoeredonnts
696 816 728 860 te.

465 897 577 954 CAPUT
587 897 630 952 Xl.
644 928 678 938 -—
688 899 730 952 t8.
745 895 837 952 ttorto
848 898 968 951 arrodestio
982 905 1004 950 et
1017 896 1143 949 lrnnrilitos
1155 894 1216 947 imi·

429 989 507 1041 tando
530 989 639 1054 feratiuis.
654 988 739 1042 llario
762 990 830 1059 oirpo
843 998 867 1042 et
878 990 965 1041 ornlier
976 987 1053 1040 dieto.
1066 985 1217 1057 sportatio

427 1077 496 1145 fidei.
534 1078 622 1131 Primo
657 1095 708 1133 nou
740 1090 781 1134 est
818 1078 1061 1149 pretermittenda,
1101 1078 1215 1140 tratres,

427 1168 542 1221 maxime
557 1178 664 1238 propter
674 1170 837 1239 tlisriplioam
851 1169 1016 1231 lemioarum,
1031 1182 1152 1222 sororum
1166 1182 1217 1220 no·

426 1267 550 1322 suarum,
567 1268 619 1313 taur
643 1270 731 1314 sam-ta
753 1260 880 1314 modestia
900 1259 1007 1330 uirginis
1026 1259 1124 1313 itariae.
1137 1256 1216 1312 Clui-

426 1356 495 1403 ttttut
508 1352 771 1418 pepererat,attgelus
784 1351 816 1404 :td
828 1366 885 1404 eatu
899 1358 1017 1413 verterat,
1027 1360 1053 1404 et
1066 1347 1167 1403 dixerat
1179 1348 1215 1416 ei,

427 1436 493 1490 llere
503 1439 626 1506 concipies
639 1441 664 1492 io
679 1449 758 1504 utero,
775 1450 797 1493 et
811 1442 892 1507 peries
904 1439 1004 1509 filium,
1020 1449 1043 1493 et
1058 1439 1155 1493 nocebis
1166 1455 1215 1492 uo·

426 1545 482 1581 rnen
502 1531 556 1600 ejus
568 1530 665 1584 listron.
683 1531 731 1584 llic
747 1534 793 1585 erit
813 1549 935 1603 ruopuos,
955 1542 977 1587 et
997 1531 1079 1586 Filios
1093 1530 1216 1585 ditissimi

425 1616 553 1671 rorabitur
565 1619 638 1688 (tor.
653 1635 672 1681 ι,
685 1620 728 1682 bl,
745 1621 800 1692 δι).
816 1621 946 1676 tleruerat
958 1635 1050 1689 parere
1062 1619 1157 1673 Filium
1171 1619 1217 1674 tt·

426 1708 534 1773 tissimi,
548 1719 575 1763 et
587 1720 643 1764 erat
657 1711 803 1766 trainiltima
817 1732 824 1766 ι
841 1727 890 1767 nee
903 1717 1056 1776 semaam,
1069 1727 1118 1767 uee
1131 1711 1156 1765 in
1171 1725 1217 1765 or·

425 1796 487 1852 ‹liue
512 1800 625 1854 nominis
646 1802 817 1870 praelerebat,
842 1812 870 1856 ut
891 1804 1009 1864 diceret,
1033 1803 1088 1871 Ego
1101 1813 1127 1856 et
1140 1812 1215 1872 patet·

426 1898 503 1955 tuus;
517 1892 580 1952 sed.
597 1890 674 1947 Peter
684 1904 757 1958 tens,
771 1895 864 1964 ioqrrit,
878 1905 900 1948 rt
911 1912 965 1966 epo.
980 1896 1037 1950 Neon
1051 1894 1161 1950 attendit
1173 1894 1214 1949 sui

424 1981 493 2034 uteri
513 1980 667 2050 dignitatem
685 1985 753 2038 :sed
776 1984 887 2039 attendit
901 1985 1021 2040 ordinem
1036 1985 1212 2054 eorrprgalem.

423 2071 481 2126 Nou
495 2075 565 2127 euim
580 2074 686 2130 lrtrmilis
707 2077 829 2131 Cluistus
846 2087 955 2131 triatrem
979 2092 1052 2131 suam
1076 2075 1214 2145 superbire

423 2163 566 2219 docuisset.
579 2164 657 2218 Pater
667 2176 723 2220 tuns
733 2175 754 2220 et
764 2184 808 2237 epo
818 2167 928 2221 dolentes
937 2167 1107 2238 perurebantur
1116 2177 1147 2219 te.
1160 2163 1215 2218 Po·

424 2263 461 2306 ter
483 2264 557 2320 treus,
581 2254 682 2322 intepuit,
706 2264 730 2308 et
755 2272 800 2326 epo
821 2273 830 2310 .·
852 2257 912 2326 quia
934 2267 1011 2324 caput
1034 2256 1151 2310 trtrrlieris
1172 2255 1213 2309 vir

423 2342 530 2411 (llplres.
548 2359 573 2408 r,
587 2343 643 2407 ιδ).
664 2345 767 2411 Qrtarrto
789 2347 877 2399 atinus
894 2345 992 2400 debent
1006 2345 1142 2414 superbire
1160 2359 1213 2399 co)-

423 2442 486 2484 terre
506 2429 633 2486 lentium?
647 2433 712 2486 Nam
727 2442 754 2487 et
772 2433 827 2502 ipsa
852 2434 931 2488 blaria
955 2435 1050 2488 ruulier
1063 2433 1131 2488 dieta
1150 2444 1210 2500 est,

424 2536 475 2572 mm
496 2533 618 2589 corrupta
640 2523 808 2592 rirpinitate,
831 2523 877 2578 sed
906 2525 1083 2593 opp-ttattme
1106 2524 1211 2593 propria

420 2610 507 2678 geritis
523 2627 587 2665 suae.
606 2613 674 2666 bixit
693 2613 764 2667 euim
784 2614 819 2669 de
840 2615 951 2669 Dorutno
974 2613 1037 2667 lesu
1057 2613 1164 2669 cbristo
1183 2622 1212 2670 et

421 2702 573 2769 Apostolos,
585 2701 692 2755 l'mtnm
704 2719 734 2758 ex
742 2704 844 2757 nrottere
856 2702 1032 2774 (dolebant)
1043 2723 1049 2758 :
1060 2714 1210 2759 nontamen

420 2790 560 2860 interrupit
570 2794 690 2847 ordinem
702 2802 728 2849 et
739 2803 838 2848 textum
850 2793 908 2848 lrdei
922 2803 1030 2860 nostra,
1039 2810 1089 2864 qua
1100 2795 1211 2851 eonllte-

421 2894 481 2932 tntu
489 2864 577 2933 uatum
587 2880 620 2935 de
628 2881 726 2951 Spiritu
735 2883 1072 2953 saneto,etrirginetlaria.
1084 2884 1129 2938 llla
1138 2885 1208 2941 euitu

419 2972 494 3042 rirpo
503 2974 634 3042 correeptt,
643 2974 716 3044 virgo
726 2975 837 3044 peperit,
849 2976 921 3045 virgo
929 2976 1081 3044 permansit.
1093 2975 1212 3031 Sedunu-

421 3060 597 3116 lieresomnes
606 3063 716 3118 leoninas
730 3064 765 3118 illi
774 3065 980 3135 appellaverunt,
989 3067 1149 3136 proprietate
1159 3067 1209 3120 lirr-

418 3169 477 3222 goae
489 3154 609 3210 ltebrose.
625 3156 691 3211 troi
706 3157 932 3212 evidentissimum
942 3157 1105 3226 exemplum.
1119 3157 1207 3212 Prima

419 3243 527 3311 lentina,
547 3261 626 3316 quam
641 3245 702 3302 leeit
717 3246 786 3301 beas
798 3255 930 3317 suruptatu
944 3247 977 3301 de
992 3248 1074 3302 latere
1087 3247 1146 3313 riri,
1156 3263 1207 3303 au·

419 3346 523 3406 tequam
536 3353 595 3392 curn
611 3339 668 3393 viro
680 3338 881 3403 concumberet,
898 3339 968 3408 quod
988 3350 1159 3408 posteaquam
1173 3338 1207 3395 de

419 3428 540 3496 paradiso
552 3430 674 3484 exierunt
687 3431 811 3485 scribitur
825 3430 938 3496 laetum,
952 3438 1039 3484 tamen
1051 3430 1207 3500 mulierjam

418 3519 571 3583 necabatur,
583 3521 688 3575 dicente
697 3519 849 3591 Scriptura,
864 3519 993 3574 Foruroeit
1007 3537 1061 3574 eoru
1076 3521 1101 3573 in
1115 3521 1206 3574 protn-

416 3627 469 3664 rem
484 3610 559 3681 (Gen.
574 3628 590 3666 u
603 3656 608 3669 .
620 3611 675 3683 2⁶2).

454 3702 496 3755 ld.
518 3700 631 3756 cbristus
649 3712 744 3773 petrem
763 3703 857 3772 losrplr
879 3720 929 3757 nou
953 3713 1036 3774 nepo.
1059 3703 1206 3758 odedientia

417 3791 488 3858 pueri
512 3791 573 3845 lesu
603 3792 725 3846 imitando
751 3794 844 3863 pneris.
871 3793 946 3861 Quod
978 3810 1041 3864 ergo
1063 3794 1207 3862 respondet

419 3879 544 3934 ltonriuus
556 3881 632 3935 lesus
646 3881 782 3945 Cirristus,
800 3882 935 3952 Oportebat
950 3899 989 3936 roe
998 3900 1050 3937 esse
1059 3886 1086 3936 in
1098 3883 1137 3936 liis
1149 3900 1206 3953 pne

417 3968 503 4023 Patris
515 3972 563 4024 mei
576 3982 652 4036 srtrrt,·
668 3989 719 4026 nrm
732 3975 770 4025 sie
781 3974 877 4027 indicat
888 3973 992 4027 Patrem
1008 3973 1103 4041 Derttu,
1118 3984 1146 4028 ut
1159 3991 1206 4031 ue-

321 4082 331 4091 ·
416 4069 460 4125 pet
474 4071 574 4129 patrem
588 4061 697 4133 loseptr.
715 4063 789 4118 Unde
811 4065 861 4118 boe
877 4065 1037 4133 probamus?
1059 4066 1204 4121 secuudum

416 4149 598 4219 Scriptorum,
615 4171 672 4222 apte
686 4156 723 4208 sie
736 4156 791 4209 ait:
806 4153 839 4207 ιιι
852 4155 915 4208 dixit
927 4156 960 4208 od
974 4156 1031 4211 illos
1046 4172 1055 4210 .·
1069 4156 1128 4211 Non
1140 4159 1204 4212 scie·

415 4242 479 4295 britio
492 4243 551 4311 poio
564 4245 590 4296 iu
603 4245 641 4297 to
659 4262 716 4315 prere
731 4243 815 4300 Petris
830 4247 879 4299 mei
896 4256 953 4301 tnttt
966 4255 1064 4316 oportet
1082 4264 1120 4301 nte
1140 4265 1203 4302 erse.

418 4330 461 4384 lllt'
475 4344 558 4386 rentem
577 4351 625 4387 rroa
641 4335 814 4389 irttrtlesernnt
830 4335 893 4407 quid
912 4336 963 4391 oto
983 4337 1080 4391 locutos
1101 4348 1147 4391 est.
1170 4339 1204 4394 tu

415 4439 471 4475 erim
484 4425 647 4480 descendisset
661 4444 717 4479 enm
733 4428 792 4492 illie,
804 4429 868 4482 uertit
885 4428 1029 4492 Nazareth,
1046 4438 1069 4483 et
1081 4439 1134 4482 erot
1145 4431 1204 4484 sob-

414 4514 481 4565 ditos
494 4514 544 4567 rllr's
556 4515 630 4581 (Ioue.
655 4533 689 4583 u,
716 4518 823 4588 tto-st).
837 4518 892 4573 Nou
907 4519 988 4583 dixit,
1004 4520 1067 4574 Erat
1084 4520 1204 4576 subditus

415 4605 509 4669 rrtatri;
525 4614 586 4671 aut,
600 4615 657 4660 erat
671 4605 791 4661 sutrdsstus
803 4609 826 4662 ei
846 4625 853 4661 τ
873 4608 930 4674 sed,
944 4618 1013 4674 eret,
1029 4609 1131 4678 itrtprit,
1145 4611 1205 4664 snb-

414 4694 482 4746 ditor
497 4694 558 4747 illis.
573 4697 673 4761 Quibus
686 4697 806 4751 subditus
822 4703 898 4752 eratt
918 4697 1010 4752 Nonne
1030 4701 1204 4768 parentibus?

415 4783 501 4836 Arabo
523 4796 644 4852 parentes
657 4794 744 4847 erant,
760 4787 855 4856 quibus
877 4787 922 4841 ille
941 4786 1062 4842 subditus
1081 4798 1155 4856 erat,
1171 4804 1203 4846 ea

413 4875 565 4944 ‹tigrnrtione
577 4892 627 4945 qua
641 4879 709 4931 tilius
722 4879 836 4932 trouriois
849 4886 916 4932 erat.

450 4965 562 5020 CAPUT
578 4966 633 5022 llll.
650 4997 683 5007 -
697 4967 854 5022 lamdudunr
867 4980 998 5046 prerepto
1014 4970 1116 5023 lertrino
1131 4972 1202 5025 aeri-

414 5057 541 5128 pirbant:
558 5075 627 5115 trisne
649 5061 722 5129 pueri
743 5062 892 5130 aecipiaut,
909 5070 937 5115 ut
959 5061 1138 5130 obsequantur
1157 5079 1203 5130 pa-

416 5150 551 5216 tentibus,
567 5152 658 5222 eisque
678 5153 730 5207 siut
744 5154 851 5207 subditi.
868 5155 972 5208 cbristo
985 5152 1099 5208 utuodus
1112 5154 1204 5208 subdi·

413 5252 473 5309 tus,
489 5244 610 5299 cbristus
623 5246 775 5314 parentibus
786 5247 918 5300 subditus.

447 5335 491 5389 ld.
517 5334 630 5389 tiltriuns
657 5345 681 5389 et
704 5336 773 5404 plius
793 5346 815 5390 et
835 5336 958 5389 llorrnuus
982 5335 1075 5389 Durio.
1102 5335 1202 5390 Videtis

413 5443 492 5495 ereo,
508 5425 618 5492 iratres,
630 5427 699 5495 quod
714 5442 765 5482 nou
780 5429 814 5482 ita
826 5428 939 5492 eliserit,
956 5428 1058 5497 Oportet
1073 5443 1112 5481 nte
1123 5428 1149 5480 iu
1162 5427 1202 5480 lais

411 5534 469 5583 once
488 5517 573 5570 l'otrr's
586 5518 634 5570 mei
645 5528 702 5571 rem
714 5535 785 5584 erse,
801 5530 829 5573 ut
841 5520 1048 5588 intelligeremus
1066 5519 1140 5588 rprasi
1158 5517 1202 5573 di·

412 5618 498 5672 ctum‚
513 5607 564 5661 t'os
582 5621 634 5661 non
649 5607 712 5662 estis
725 5618 847 5678 parentes
861 5608 924 5664 mei.
944 5608 996 5664 Sed
1021 5618 1142 5677 parentes
1164 5608 1202 5664 illi

412 5697 602 5766 temporaliter,
617 5698 694 5753 Pater
707 5700 750 5752 ille
764 5699 932 5768 serupiteme.
950 5699 1077 5754 Parerues
1098 5699 1134 5754 ιΙιι
1154 5698 1201 5753 lilii

413 5787 541 5845 trorniois.
565 5787 643 5842 Pater
664 5787 709 5843 ille
731 5787 809 5844 Verbi
829 5797 857 5845 et
876 5789 1105 5858 Sapientiores,
1122 5789 1201 5844 Pater

412 5879 522 5951 t'irtutis
532 5896 602 5947 sure,
618 5896 664 5960 per
677 5899 755 5953 ortam
766 5893 858 5937 etanta
875 5882 1006 5937 lorarrarit.
1021 5883 1109 5954 sopor
1124 5882 1196 5936 illam

2012 504 2066 564 stt

1272 620 1418 676 lormaotur
1428 623 1565 688 universa,
1580 638 1639 693 orte
1655 623 1788 697 attingite
1807 623 1860 680 tine
1879 637 1962 696 usque
1979 620 2016 679 ad
2030 620 2061 676 b·

1271 729 1330 767 nean
1345 714 1447 768 sortiter
1459 723 1486 768 rt
1495 715 1610 784 disponit
1624 717 1711 772 otuuia
1724 718 1839 772 suaviter
1849 717 1926 790 (Sep.
1938 732 2002 783 rttr,
2020 712 2062 785 ι),

1250 821 1256 827 ·
1271 816 1318 869 per
1332 801 1424 855 Filium
1440 804 1484 857 liei
1501 813 1527 857 et
1541 804 1577 858 illi
1591 805 1694 859 sonmo
1708 814 1786 871 sunl,
1807 806 1902 875 quibus
1917 804 1987 859 idern
2003 803 2062 874 ipse

1271 902 1361 961 postea
1384 894 1451 947 tilius
1473 894 1586 950 bominis
1604 895 1769 951 subderetur.
1787 897 1819 951 Et
1832 894 1977 965 tprrsrotas
1995 894 2062 949 rlieit

1270 998 1330 1035 eum
1352 983 1434 1036 tilium
1457 985 1538 1039 liarid
1560 1005 1565 1038 :
1584 986 1633 1053 Qui
1651 991 1733 1057 sactus
1752 988 1840 1053 estet,
1863 987 1964 1057 impoit,
1978 1000 2064 1041 ακ-

1270 1073 1444 1140 tintinnare,
1458 1077 1592 1129 secundnm
1604 1094 1704 1131 cernon
1719 1076 1804 1149 (lietu.
1817 1093 1842 1145 ι,
1856 1077 1894 1148 ὃ).
1907 1075 1959 1133 Sed
1972 1087 2063 1133 tamea

1270 1161 1326 1229 ipse
1342 1162 1466 1218 Dominus
1477 1165 1649 1232 quaestionem
1670 1167 1790 1235 proponit
1810 1165 1925 1231 ludaeis,
1939 1162 2063 1236 ortatui!

1269 1248 1311 1305 bis
1327 1252 1390 1320 ipsis
1406 1252 1493 1307 rerbis
1507 1255 1585 1308 solrit
1602 1254 1754 1324 Apostolus.
1769 1256 1836 1311 Cum
1853 1257 1925 1310 onim
1942 1256 2061 1321 diceret,

1270 1340 1321 1408 Ωιι
1334 1344 1463 1412 [natusest
1479 1346 1502 1399 ei
1515 1363 1546 1400 es
1557 1347 1650 1400 sertriue
1663 1346 1762 1413 Droid;
1776 1347 1809 1403 ad
1825 1348 1875 1404 boe
1888 1347 2005 1412 addidit,
2022 1364 2063 1403 te·

1268 1432 1378 1486 cundum
1392 1451 1506 1496 errarem,
1527 1447 1554 1489 ut
1570 1436 1760 1505 intelligeretur
1774 1437 1920 1493 seeundum
1933 1437 2062 1494 diripite·

1269 1528 1321 1576 teut
1343 1538 1394 1577 nou
1410 1540 1468 1578 esse
1485 1525 1552 1577 lilius
1568 1525 1665 1591 uario,
1688 1527 1733 1580 sed
1750 1527 1831 1581 Filius
1853 1527 1914 1593 bot.
1931 1528 2061 1584 ltomiutts

1268 1613 1359 1668 [tm-tn.
1374 1615 1439 1669 Nam
1454 1617 1542 1670 etalio
1556 1618 1613 1671 loco
1625 1617 1663 1671 sie
1675 1617 1738 1671 dirit
1751 1605 1901 1688 Apostolus
1913 1634 1974 1675 etun
1986 1635 2061 1675 cout-

1268 1704 1403 1760 memlaret
1418 1708 1525 1777 stirpem
1536 1707 1686 1762 ludaeorum
1701 1726 1708 1763 :
1724 1709 1835 1776 Quorum
1846 1720 1947 1781 potres,
1960 1711 2057 1782 iuquit,

1267 1809 1298 1847 ee
1321 1796 1409 1865 portio
1431 1795 1544 1851 Clrrirtur
1567 1798 1701 1851 secundnm
1722 1815 1838 1866 earnem,
1859 1801 1959 1870 quiret
1981 1817 2059 1872 saper

1267 1886 1351 1938 omorio
1363 1885 1430 1939 lluts
1444 1886 1586 1943 berredirtns
1600 1889 1626 1942 in
1641 1889 1734 1943 rorata
1746 1890 1804 1959 (ld.
1819 1905 1861 1956 tx,
1873 1890 1914 1959 5).
1927 1890 2005 1959 Quod
2017 1908 2058 1947 ee-

1266 1977 1500 2043 cendnnrrarnem,
1516 1978 1577 2032 inde
1592 1978 1661 2033 lilius
1677 1978 1758 2033 barid
1774 1996 1780 2033 ;
1796 1981 1866 2050 quod
1881 1988 1970 2036 auteur
1981 1998 2058 2053 snper

1265 2068 1350 2119 ornatio
1368 2066 1435 2121 lteru
1454 2068 1595 2122 benedictae
1611 2069 1637 2122 iu
1652 2070 1761 2136 recolo,
1777 2069 1838 2124 inde
1854 2071 1982 2126 dontinus
2005 2072 2058 2127 ua·

1264 2157 1319 2213 t'id.
1336 2159 1461 2213 lttrruious
1473 2175 1534 2229 ergo
1547 2158 1646 2214 ludaeis
1657 2161 1707 2214 boe
1720 2160 1784 2215 dicit
1796 2179 1802 2216 :
1818 2159 1897 2230 copo
1910 2178 1964 2216 erse
1972 2162 2056 2231 pilium

1264 2249 1346 2303 dicitis
1360 2250 1504 2306 tto-utone
1516 2250 1720 2319 Responderunt
1730 2268 1737 2306 a
1749 2248 1841 2305 david.
1852 2251 1908 2306 lloc
1921 2251 1993 2307 errior
2007 2266 2057 2308 oo·

1264 2349 1371 2404 terant,
1389 2341 1457 2410 qood
1478 2339 1554 2395 laeile
1576 2340 1715 2409 capiebant
1736 2356 1768 2396 ex
1783 2339 1972 2411 predicatione
1986 2340 2055 2397 Pro·

1264 2430 1413 2500 poetarum.
1434 2432 1466 2485 Ει
1480 2445 1541 2486 rere
1557 2431 1613 2499 ipse
1631 2439 1689 2486 erat
1710 2446 1744 2486 ex
1764 2430 1865 2486 semine
1885 2431 1985 2496 barto,
2004 2432 2055 2488 sert

1263 2521 1407 2576 seeundum
1420 2537 1526 2577 caraem
1543 2537 1589 2591 per
1598 2521 1727 2592 virginem
1741 2520 1848 2575 llariarn
1863 2520 2053 2592 desponsatam

1262 2612 1370 2682 loseplr.
1386 2614 1451 2667 Cum
1467 2628 1530 2682 orgo
1546 2613 1736 2684 responderent
1748 2613 1881 2668 Christum
1897 2612 1980 2666 filium
1992 2628 2054 2670 esse

1262 2704 1362 2767 Daritl,
1378 2705 1414 2758 ait
1427 2705 1477 2758 illis
1489 2705 1566 2759 lesus
1580 2721 1586 2757 :
1602 2703 1733 2768 Quomodo
1747 2719 1805 2774 erpo
1822 2702 1905 2756 florid
1916 2703 1943 2756 ln
1961 2703 2054 2774 spiritur

1261 2805 1332 2849 rorat
1346 2812 1402 2848 eoru
1417 2795 1568 2861 Dourirrmu,
1584 2796 1683 2861 dicent,
1706 2794 1777 2848 llixit
1798 2792 1923 2849 Dominus
1943 2792 2054 2851 onom

1261 2903 1331 2952 tneo,
1357 2887 1423 2941 Sede
1443 2904 1459 2939 e
1482 2887 1575 2940 dextris
1590 2888 1666 2952 uras,
1680 2903 1808 2958 proraeque
1825 2903 1918 2958 ponam
1936 2885 2053 2943 ιιιίιιιιεω

1261 2986 1316 3030 teos
1334 2975 1379 3030 snb
1398 2977 1500 3045 pertibus
1523 2979 1589 3032 tois?
1610 2977 1640 3032 Si
1653 2995 1711 3048 erpo
1729 2977 1813 3032 llarid
1832 2978 1858 3032 in
1875 2978 1967 3049 spirite
1980 2987 2053 3034 norat

1260 3082 1316 3120 eunt
1326 3065 1478 3131 Dorrrimmr,
1494 3067 1618 3138 prtorrrodo
1632 3069 1700 3137 filim
1709 3070 1764 3138 ejus
1777 3068 1833 3122 eet?
1843 3068 1876 3123 Et
1890 3084 1943 3123 nou
1958 3078 2055 3138 potae-

1259 3165 1322 3211 ruut
1333 3157 1493 3226 respondere
1507 3157 1591 3214 ludni
1610 3144 1714 3229 (ἰιαιιιι.
1729 3174 1803 3225 nu,
1818 3159 1928 3231 ιΞ-ιῢ).
1942 3159 1986 3217 sie
2000 3161 2051 3217 lta·

1259 3245 1353 3301 bemus
1371 3246 1397 3300 iu
1416 3246 1568 3318 Erarrgelto.
1584 3247 1641 3302 Nou
1653 3263 1683 3304 se
1696 3249 1800 3319 negarit
1812 3248 1896 3305 lilium
1914 3266 1975 3308 esse
1995 3244 2051 3308 1)ιῖ

1258 3339 1321 3405 rid,
1342 3347 1371 3393 at
1389 3341 1522 3395 aeseireut
1541 3340 1681 3395 Dominum
1699 3355 1760 3396 esse
1779 3340 1871 3396 bario.
1885 3341 1990 3398 Etenim
2011 3351 2052 3399 te-

1258 3428 1357 3482 nebant
1371 3428 1397 3483 in
1415 3426 1521 3482 Christo
1546 3428 1615 3499 quod
1637 3428 1720 3484 laetos
1737 3437 1778 3484 est
1791 3444 1824 3485 ex
1839 3441 1977 3500 tempore:
1994 3446 2050 3488 non

1259 3517 1284 3572 io
1307 3533 1340 3572 eo
1362 3519 1543 3588 intelligebant
1556 3518 1626 3588 quod
1648 3529 1689 3573 est
1710 3518 1736 3573 io
1751 3520 1909 3589 aeoeruttate.
1929 3519 2052 3597 θωρη-

1258 3618 1317 3680 pter
1336 3609 1432 3664 dooere
1446 3611 1505 3664 illos
1519 3610 1609 3665 rolens
1627 3609 1790 3665 divinitatem
1813 3625 1904 3676 suam,
1921 3612 2050 3680 quaestio·

1258 3713 1318 3753 nem
1344 3700 1404 3754 treit
1431 3699 1463 3754 de
1489 3700 1649 3754 trumonitate
1677 3716 1751 3755 sua:
1780 3709 1903 3772 tarrqtmm
1928 3701 2049 3767 diceret,

1257 3790 1335 3844 Scitis
1355 3791 1487 3845 Christum
1509 3806 1568 3846 esse
1587 3790 1669 3845 fllium
1691 3791 1790 3857 birid;
1809 3792 1968 3862 respondete
1982 3793 2050 3850 anibi

1256 3879 1388 3948 rprtrrumdo
1415 3882 1449 3933 sit
1473 3888 1500 3934 et
1524 3881 1649 3935 Dnurirms
1673 3881 1764 3936 tnrrtt.
1789 3880 1841 3937 Set
1866 3897 1901 3938 tte
1924 3883 1961 3937 illi
1975 3883 2051 3941 dice·

1258 3983 1331 4036 rent,
1352 3972 1408 4026 Nou
1423 3983 1464 4027 est
1479 3973 1606 4026 bortrinus
1627 3972 1724 4038 nar-nt,
1746 3974 1830 4043 ipsum
1850 3974 2050 4032 portuosum

1257 4065 1422 4134 interposuit.
1441 4067 1471 4120 lit
1484 4067 1545 4135 rpuid
1558 4067 1620 4120 dieit
1637 4067 1665 4120 ἰ
1680 4066 1778 4121 Verum
1792 4067 2050 4138 respondendam

1256 4162 1283 4208 et
1293 4155 1354 4208 illud
1369 4154 1449 4210 babes
1460 4157 1484 4208 iu
1500 4156 1610 4210 Psaluris
1622 4155 1655 4209 ad
1666 4157 1746 4212 llarid
1757 4158 1898 4223 dicentem,
1913 4157 1950 4212 De
1961 4157 2048 4225 fruar

1256 4245 1347 4299 rerrtris
1361 4246 1396 4297 tui
1409 4261 1500 4313 ponam
1514 4262 1588 4315 super
1602 4247 1685 4300 sedeur
1697 4255 1764 4299 tuom
1777 4245 1864 4317 (ero.
1879 4262 1975 4314 cxxxt,
1990 4246 2047 4319 ιι).

1256 4334 1325 4389 Ecce
1340 4335 1409 4388 lilius
1419 4334 1509 4388 [ιιι-ιιι.
1522 4336 1659 4402 Qurrruodu
1670 4348 1696 4391 ot
1711 4338 1836 4393 Dominus
1848 4338 1941 4402 Dauid,
1955 4340 2002 4408 qul
2015 4338 2049 4394 fl-

1257 4423 1307 4479 lius
1317 4425 1398 4478 barin
1408 4425 1507 4491 tutan,
1515 4426 1607 4495 iuquit,
1618 4425 1740 4481 Dornintts
1749 4427 1926 4495 lloorinontro,
1936 4427 2006 4483 Seite
2013 4428 2049 4482 ud

1256 4515 1382 4567 dee'ermn
1400 4531 1480 4568 memo
1498 4514 1582 4586 (Psoi.
1594 4517 1657 4585 (ou,
1672 4515 1708 4588 ι).
1723 4517 1851 4572 lliramiui
1867 4518 1948 4572 barid
1961 4517 2046 4573 lilium

1256 4620 1331 4659 suum
1355 4606 1495 4660 Drrminum
1519 4605 1631 4673 babere,
1645 4622 1706 4661 eum
1720 4607 1830 4663 rideatis
1843 4608 1952 4662 llarizuu
1966 4622 2047 4665 suum

1258 4696 1395 4750 bortrinotu
1410 4696 1564 4766 peperisse?
1575 4697 1701 4751 bornious
1714 4697 1804 4759 David,
1816 4699 1875 4767 quia
1892 4699 1978 4763 lteus;
1993 4698 2044 4753 Do·

1256 4788 1342 4840 urirtos
1356 4787 1453 4852 bario,
1466 4787 1526 4856 quia
1539 4787 1656 4841 omnium
1671 4805 1678 4840 ε
1693 4788 1762 4842 lilius
1774 4797 1861 4843 auum
1876 4788 1971 4855 barid,
1983 4789 2047 4859 quin

1256 4874 1325 4928 lttios
1340 4875 1464 4930 lrorrriuis.
1480 4876 1550 4930 idem
1565 4876 1709 4940 nominos,
1727 4877 1796 4933 idem
1811 4878 1900 4934 lilius:
1917 4878 2048 4935 Dominus

1255 4967 1351 5031 David,
1364 4969 1407 5037 qui
1419 4985 1477 5021 rum
1491 4968 1516 5021 in
1529 4975 1612 5040 porreto
1628 4967 1676 5021 tter·
1689 4979 1766 5033 esset,
1782 4985 1831 5055 non
1843 4970 1962 5040 rapinam
1974 4970 2045 5025 urli-

1255 5070 1335 5113 trotnr
1348 5070 1384 5115 est
1399 5076 1450 5114 esse
1463 5061 1568 5130 oeqrtolir
1584 5060 1636 5114 lleo
1650 5078 1659 5113 :
1674 5060 1744 5115 lilius
1762 5070 1850 5116 autern
1867 5060 1965 5125 naun,
1982 5062 2045 5132 quia

1253 5153 1411 5221 setrretipsmn
1421 5151 1564 5216 eairraniuit,
1578 5154 1686 5222 [ortrtaot
1693 5153 1756 5206 terri
1775 5152 1899 5223 occipiens
1912 5151 2045 5223 (Pmopp.

1255 5241 1336 5306 tud,
1351 5240 1389 5310 t).

1289 5330 1401 5386 CAPUT
1415 5327 1481 5384 xttt.
1491 5331 1578 5386 -at
1589 5330 1741 5403 conjugium
1751 5333 1820 5405 facit,
1835 5350 1885 5388 non
1897 5334 2046 5389 contritot·

1255 5419 1379 5486 corrrolir,
1393 5420 1437 5474 sed
1455 5421 1564 5474 ctionem
1576 5423 1727 5493 conjnpult't.
1747 5422 1881 5495 Conjopati
1894 5424 2046 5479 ιιιιιιιιιιιια

1253 5529 1285 5568 es
1297 5528 1427 5566 corraerrsu.
1441 5511 1497 5566 Nou
1520 5513 1607 5581 itaque
1621 5523 1760 5583 propterea
1774 5529 1826 5568 non
1846 5514 1894 5568 luit
1908 5522 1984 5584 pater
1994 5513 2046 5570 ιο·

1252 5603 1336 5674 seph,
1350 5603 1412 5674 quia
1431 5619 1491 5658 eom
1506 5613 1590 5658 matre
1603 5605 1707 5660 bomini
1721 5620 1773 5660 uon
1795 5606 1952 5669 eoueubuit;
1967 5605 2047 5675 quast

1254 5711 1363 5751 uxorem
1377 5695 1459 5749 libido
1471 5695 1564 5763 laetat,
1588 5704 1615 5751 et
1629 5713 1682 5752 non
1696 5696 1813 5752 etrarttas
1828 5696 1985 5769 conjugatis.
2000 5694 2048 5752 ln·

1254 5787 1344 5843 modat
1365 5786 1496 5842 Serretitas
1518 5797 1616 5845 restra.
1641 5790 1762 5846 Dteturos
1775 5801 1832 5847 erat
1847 5800 1906 5861 post
1919 5791 2046 5862 aliquan-

1287 5890 1387 5940 ⁸codex
1401 5905 1434 5951 r.,
1448 5896 1475 5939 tt
1484 5889 1525 5951 qai
1534 5889 1601 5940 uicit.
