4759 6684
364 570 402 626 95
1102 564 1213 622 Sillllo
1242 565 1274 621 ll.

364 681 595 750 circumcisionis,
609 679 679 754 qnod
698 681 767 752 apud
786 679 890 736 lndcos
905 695 956 734 non
971 676 1092 740 vivebat,
1112 678 1156 747 qni

363 775 519 830 occiderant
542 773 690 838 Christum,
714 773 758 842 qui
783 772 901 826 omnium
927 777 1156 825 sacramentorum

363 867 417 920 rita
430 873 489 931 est;
511 866 636 935 qvtoriiam
658 865 685 919 in
705 865 749 918 illo
762 863 875 917 vitaliter
896 861 1068 931 intelligitur,
1085 856 1156 929 qnod

362 960 434 1029 apud
446 958 554 1014 ludams
567 957 706 1012 visibiliter
718 956 866 1011 celebratur
882 973 888 1008 :
905 955 955 1008 boe
968 954 1054 1024 itaque
1067 966 1155 1007 sacra-

366 1062 482 1105 mentum
495 1049 708 1104 circumcisionis
722 1056 845 1117 tanquam
858 1046 979 1101 exanime
989 1059 1085 1114 corpus
1098 1043 1155 1114 qui-

365 1144 426 1197 dam
440 1140 524 1198 iudai
538 1142 662 1196 volebant
674 1139 835 1212 persuadere
846 1139 1005 1203 Gentilibus,
1022 1138 1065 1206 qni
1078 1136 1155 1191 clet-

362 1242 407 1288 sto
426 1232 612 1297 crediderant,
633 1232 702 1286 sieut
715 1231 741 1284 in
759 1230 867 1284 Actibus
887 1229 1072 1298 Apostolorum
1089 1225 1153 1280 scri·

363 1336 437 1393 pturn
449 1334 507 1389 est,
530 1324 650 1378 dicentes
665 1336 717 1376 noo
736 1335 813 1391 posse
832 1334 877 1374 eos
897 1334 956 1374 esse
978 1317 1085 1382 salv-os,
1102 1313 1152 1369 nisi

362 1417 459 1470 tierent
476 1415 626 1470 circumcisi
642 1414 709 1484 (rtet.
724 1428 768 1477 xv,
792 1409 841 1484 ll?
857 1408 1051 1466 persuadebant
1064 1415 1152 1462 autem

361 1506 414 1561 boe
426 1505 609 1576 ignorantibus
621 1505 738 1575 Legem,
753 1511 877 1572 tanquam
893 1502 919 1556 io
935 1501 1052 1557 tenebris
1066 1500 1152 1554 noetis

360 1598 447 1652 lilium
467 1607 598 1652 mortuum
613 1603 803 1665 supponentes.
822 1594 876 1649 Nec
892 1602 980 1648 tanten
1003 1592 1086 1661 potuit
1101 1591 1151 1646 ali-

359 1689 427 1758 quid
440 1692 526 1743 valere
539 1688 580 1743 illa
594 1687 740 1756 persuasio,
756 1687 805 1742 nisi
818 1701 877 1741 eom
889 1685 1014 1740 Ecclesia
1026 1683 1151 1739 Gentium

359 1795 395 1833 ex
416 1779 504 1845 aliqua
524 1788 597 1848 pute
610 1779 729 1832 stultitiae
747 1793 857 1832 somnus
871 1776 999 1844 obrepsit.
1014 1773 1097 1841 Onam
1113 1774 1151 1828 ti-

357 1869 441 1924 ‹lctur
454 1871 529 1939 quasi
541 1868 716 1923 dormientem
729 1868 872 1941 Apostolus
882 1868 1007 1933 excitare,
1021 1866 1149 1932 clamans,

359 1959 386 2011 0
402 1960 475 2012 stulti
495 1959 605 2022 Galate,
626 1960 682 2024 qais
701 1975 745 2013 ees
769 1958 924 2030 {ementiti
937 1966 965 2012 et
984 1957 1148 2026 paulopost,

358 2049 410 2104 Sic
423 2051 496 2105 malti
507 2053 564 2106 estis
575 2095 582 2115 ,
595 2053 697 2121 inquit,
712 2062 739 2105 ιιι
750 2067 807 2105 earn
820 2051 909 2120 spiritu
922 2050 1061 2119 ceperitis.
1083 2063 1150 2102 urire

356 2159 437 2196 earne
448 2145 654 2197 consummemini
668 2142 766 2215 (Galat.
781 2158 820 2209 tn,
833 2144 858 2206 l,
870 2143 908 2210 5).
924 2141 1059 2211 Tanquam
1072 2142 1094 2196 si
1109 2141 1149 2195 dl·

355 2241 433 2286 erret
448 2249 454 2285 :
471 2232 516 2286 Sic
529 2233 602 2286 stulti
615 2233 699 2291 estis.
715 2242 743 2286 ut
757 2247 817 2286 eum
837 2233 910 2301 prius
930 2231 1074 2287 habueritis
1093 2231 1147 2300 spi·

356 2322 455 2376 rituale
468 2337 537 2391 optas
549 2323 656 2389 vivunt,
673 2323 723 2377 boc
740 2324 839 2377 amisso
854 2330 943 2392 posteo
959 2330 1091 2376 momuum
1105 2334 1150 2376 aa·

355 2413 464 2480 cipiutis
483 2412 609 2467 alienum.
631 2414 689 2481 lpse
706 2414 803 2483 quippe
824 2413 966 2482 Apostolus
985 2413 1045 2465 alibi
1066 2410 1147 2480 dicit,

356 2502 474 2572 Spiritus
486 2505 536 2558 rita
548 2515 583 2558 ert
598 2515 699 2575 propter
708 2505 851 2576 iristitiam:
868 2513 894 2558 et
907 2503 979 2568 alibi,
995 2504 1092 2574 Sapere
1103 2519 1149 2556 au·

356 2605 408 2645 tem
420 2592 557 2647 recaredum
569 2610 679 2658 carnem,
694 2612 762 2649 niort
775 2605 811 2647 ert
824 2594 910 2666 (liam
923 2611 979 2659 vtn,
993 2593 1035 2661 tu,
1050 2595 1089 2664 6).
1102 2594 1148 2648 llis

355 2693 449 2737 etitem
463 2694 543 2753 atque
562 2684 712 2754 lnijnsmodi
727 2686 837 2740 vocilius
860 2687 903 2739 illa
925 2693 1010 2740 mater
1023 2687 1146 2756 evigilat3

356 2784 385 2828 et
400 2775 468 2828 litei
483 2779 570 2839 mane,
586 2791 646 2828 cnm
660 2776 741 2829 nerito
756 2776 813 2841 nei,
830 2775 880 2829 bue
890 2785 940 2842 est,
955 2791 1014 2829 enm
1030 2777 1146 2841 libristo,

356 2866 403 2933 qni
415 2865 567 2929 oriebatur,
585 2865 635 2920 itae
649 2875 709 2930 est,
727 2867 884 2935 loquebatur
901 2868 925 2920 in
949 2867 1050 2932 Paulo,
1071 2867 1148 2936 Legis

357 2955 525 3010 illuminatur
538 2957 696 3012 obscurius.
717 2958 789 3012 llaoe
808 2961 878 3013 enim
897 2959 1067 3021 illuminavit,
1087 2973 1147 3012 ennt

357 3052 405 3114 ait,
417 3049 499 3102 Dicite
520 3050 582 3103 nubi
595 3051 641 3104 rub
656 3049 721 3121 Lege
735 3053 843 3106 nolentes
857 3068 919 3116 erse,
934 3050 1024 3122 Legem
1039 3068 1089 3104 raon
1103 3068 1149 3104 au·

357 3143 453 3195 distis?
463 3142 593 3211 Scriptum
607 3150 643 3196 est
656 3143 722 3195 mim
737 3142 796 3210 quia
810 3143 936 3195 dbralmtn
949 3143 1012 3195 dnos
1026 3143 1091 3210 filias
1103 3141 1148 3194 ba·

357 3234 431 3296 buit,·
450 3249 529 3286 uuum
544 3232 575 3285 de
592 3233 702 3296 ancillo,
722 3242 747 3286 et
760 3249 840 3285 atrum
851 3237 883 3286 de
897 3233 973 3286 libera
989 3248 998 3285 :
1012 3233 1056 3286 sed
1071 3231 1149 3302 isqui

356 3326 391 3378 de
404 3324 517 3389 ancilla,
538 3324 677 3378 secandam
689 3340 789 3376 caricem
808 3332 882 3376 natur
894 3333 946 3385 est:
960 3324 1004 3391 qui
1021 3333 1104 3376 autern
1118 3323 1149 3377 de

357 3417 449 3479 libera,
463 3430 507 3484 per
518 3413 754 3481 repromissionenr,·
769 3429 826 3482 qua
837 3424 894 3466 runt
904 3414 930 3466 in
943 3414 1073 3483 allegoria.
1088 3413 1149 3468 lloec

356 3508 428 3559 euim
439 3515 496 3559 sarit
505 3507 557 3558 tltte
569 3503 726 3558 Testamenta
736 3519 744 3566 ,¹
756 3521 833 3558 uuum
844 3505 943 3574 quidem
953 3522 968 3557 a
979 3514 1062 3559 ororne
1074 3504 1148 3570 Sina,

357 3600 386 3650 in
400 3598 541 3650 metantem
554 3613 686 3667 generans,
701 3597 768 3666 quod
780 3605 815 3650 eat
830 3599 906 3666 Agar.
924 3596 988 3651 Sina
1000 3599 1064 3650 enim
1078 3612 1149 3650 ritant

355 3700 395 3743 est
405 3691 432 3742 in
445 3689 546 3752 Arabia,
561 3704 618 3758 qnae
630 3690 763 3760 conjuncto
776 3699 811 3741 ert
827 3689 893 3753 lmic,
907 3705 964 3756 qma
977 3705 1043 3742 uttuc
1054 3699 1090 3742 est
1101 3687 1149 3742 le·

356 3780 471 3834 rasalem
483 3795 493 3833 .·
505 3781 579 3832 serait
591 3779 657 3833 enim
675 3795 731 3831 cnm
753 3780 813 3847 filiis
833 3779 894 3831 ruis.
913 3777 977 3844 Qua
992 3788 1076 3832 antem
1090 3795 1149 3832 mr·

356 3888 417 3926 saut
430 3880 466 3925 ert
478 3869 638 3933 Jerusalem,
657 3869 733 3923 libero
750 3879 785 3921 est
802 3867 898 3940 (Galat.
913 3885 948 3934 nr,
967 3867 1074 3938 tt-aa).
1090 3868 1148 3923 Non

357 3976 424 4032 erga
436 3962 550 4027 mirum,
570 3961 591 4014 si
607 3969 714 4029 propter
727 3968 828 4013 mortua
847 3973 945 4027 opera,
965 3957 998 4011 ad
1017 3973 1076 4012 earn
1090 3973 1149 4027 qna

357 4055 488 4108 deor-um
505 4062 564 4118 est,
585 4060 721 4114 mortuus;
736 4060 763 4104 et
778 4059 884 4119 propter
898 4048 1059 4116 spiritualia,
1074 4049 1149 4103 vivus

359 4146 474 4215 pertinet
492 4143 525 4198 ad
542 4159 601 4199 eam
614 4158 673 4213 qne
687 4156 793 4197 sursum
811 4150 852 4196 est
865 4140 1022 4196 lenonem.
1043 4140 1108 4209 Quia
1122 4152 1149 4197 et

358 4234 438 4290 interi
452 4233 576 4289 deorsum
597 4241 677 4295 suut,
698 4246 750 4301 qim
769 4232 901 4300 pertinent
921 4230 1040 4285 mortni:
1060 4231 1148 4300 superi

356 4333 451 4380 atatem
467 4338 584 4386 sursum,
594 4337 647 4392 quo
660 4321 790 4391 pertinent
801 4320 864 4373 vivi.
880 4321 934 4374 llae
947 4320 1146 4387 illuminatione,

356 4428 487 4487 tanquam
501 4430 580 4470 mane
594 4414 673 4479 laeto,
686 4413 807 4484 intelligit
820 4412 937 4467 Ecclesia
951 4413 1060 4479 gratiam
1071 4412 1150 4480 spiri-

357 4509 475 4571 tualem:
491 4507 623 4577 repellens
636 4522 651 4559 a
669 4521 699 4560 se
715 4506 822 4561 curtiole
835 4520 902 4574 opus
916 4505 1007 4576 Legis,
1025 4513 1147 4575 tanquam

359 4609 497 4653 rirerrtuum
520 4598 651 4659 alienum;
669 4603 697 4650 ct
717 4596 767 4649 sibi
789 4595 925 4650 vindicans
945 4597 1029 4650 vivam
1050 4595 1146 4661 belem,

360 4691 488 4760 quostiam
500 4691 589 4758 justus
608 4703 639 4741 er
661 4687 712 4742 ilde
726 4688 788 4742 visit
802 4687 890 4757 (door.
905 4704 930 4752 r,
948 4689 991 4757 li)
1005 4705 1012 4741 :
1028 4703 1106 4758 quam
1121 4689 1147 4742 in

360 4781 448 4838 Patris
468 4791 496 4835 et
516 4780 573 4836 Filii
592 4787 620 4833 et
638 4779 752 4848 Spiritus
775 4779 858 4831 sancti
877 4779 983 4832 nomine
1006 4789 1148 4832 consecuta

355 4881 414 4938 est;
429 4878 459 4925 et
478 4869 538 4924 ideu
551 4879 673 4937 tanquam
694 4869 844 4922 tvidnannm
866 4867 948 4921 fllium
961 4879 1033 4922 certa
1048 4884 1146 4937 cogito·

355 4966 419 5026 seit,
433 4978 483 5016 nee
496 4977 556 5016 eum
571 4961 621 5015 sibi
635 4961 700 5029 eripi
715 4961 821 5029 patitur.

394 5056 421 5109 3.
453 5051 540 5106 thdoet'
569 5052 676 5123 gratiani
700 5051 864 5104 eltrittianatn
892 5048 939 5102 sibi
957 5048 1065 5102 debitam
1083 5050 1147 5117 [alto

353 5146 490 5221 joctmttea.
512 5142 586 5196 Neine
602 5142 697 5196 derivet
714 5140 758 5194 illa
779 5154 856 5193 snum
877 5154 937 5195 esse
956 5139 1145 5209 Evangelimn,

355 5244 484 5303 cinquant
495 5233 543 5287 sibi
556 5231 686 5294 debitum,
700 5241 727 5286 et
740 5246 788 5300 per
800 5246 830 5285 se
842 5240 1005 5300 generatum.
1021 5230 1086 5283 llam
1097 5229 1148 5285 line

354 5327 484 5382 dicebaut
496 5324 626 5380 Gentibus
639 5326 664 5377 in
681 5325 736 5394 ipsa
751 5324 930 5389 contentione,
945 5324 989 5393 qtn
1003 5340 1034 5377 et
1049 5323 1147 5378 induis

353 5417 502 5473 menaliter
515 5415 661 5470 sentientes
677 5413 843 5469 Cliristiaoos
859 5428 890 5469 se
904 5413 993 5468 dicere
1006 5413 1145 5468 audebant.

353 5508 498 5578 Tariquam
511 5507 629 5563 debiturn
643 5507 712 5562 enim
725 5505 834 5576 justitiae
846 5520 901 5560 succ
911 5505 1034 5560 dicebant
1043 5506 1147 5562 venisse

354 5598 543 5667 Evarigelium.
558 5597 610 5652 Sed
625 5613 676 5650 non
691 5606 749 5651 erat
762 5611 875 5663 eorum,
890 5595 960 5666 qnod
976 5598 1147 5665 spiritualiter

354 5703 413 5745 uon
436 5696 563 5747 oraverant
582 5687 602 5741 ¹.
625 5686 700 5755 Quod
721 5701 785 5757 ergo
804 5683 945 5741 Cltristiani
966 5687 1146 5753 vocabantur,

353 5781 449 5834 alieno
463 5778 570 5834 noniioe
584 5779 737 5849 gloriantes,
755 5785 878 5848 tunquam
894 5778 937 5832 illa
950 5776 984 5833 de
998 5779 1050 5832 lilio
1068 5794 1146 5848 quern

389 5955 397 5985 ¹
413 5958 462 6003 otte
472 5959 535 6007 ttst..
547 5951 589 6015 qni
595 5950 750 6016 spiritualiter
761 5957 840 6005 tenere
851 5964 896 6003 etan
904 5958 1023 6003 tmoermt.

1966 576 2001 633 at

1211 692 1262 730 non
1285 678 1340 747 ipsa
1367 687 1522 749 pepererat,
1545 680 1623 735 etiarn
1643 682 1804 736 cotttemlere
1827 682 1959 739 assuebant
1973 687 1997 748 ’ς

1208 784 1269 824 eum
1284 769 1332 838 ipsi
1352 786 1383 825 er
1400 772 1525 841 operibus
1539 773 1617 842 Legis
1636 775 1744 828 err-lusu
1765 776 1898 830 intellecto
1921 778 1993 844 spiri·

1209 861 1272 915 tnali
1291 854 1413 930 tanquam
1428 861 1462 916 de
1482 877 1593 931 corpore
1607 865 1696 932 operis
1710 865 1749 918 sni
1773 867 1887 919 anirnmn
1906 866 1994 935 eiece-

1208 959 1275 1012 mot,
1291 959 1318 1004 et
1332 953 1530 1021 exstinguentes
1545 953 1689 1022 propterte
1704 955 1825 1023 spiritum
1841 956 1947 1019 vivum,
1962 955 1996 1012 ad

1206 1041 1321 1092 earnalia
1334 1055 1415 1110 opera
1428 1043 1486 1096 sine
1501 1042 1571 1104 rita,
1588 1043 1639 1098 boc
1652 1051 1702 1106 est,
1719 1045 1776 1098 sine
1794 1045 1928 1100 intellectu
1942 1048 1996 1112 spi-

1206 1129 1293 1184 rituali
1318 1142 1520 1197 rcmanserant3
1536 1149 1595 1202 qnae
1609 1133 1738 1189 Gentibus
1750 1136 1830 1189 etiam
1845 1151 1995 1204 supponere

1204 1221 1361 1287 cupiebant,
1377 1231 1404 1276 et
1422 1221 1456 1274 ab
1473 1223 1512 1277 eis
1531 1232 1654 1291 tanquam
1669 1224 1757 1278 vivum
1774 1224 1876 1289 itlinm,
1897 1241 1993 1280 nornen

1204 1308 1307 1364 arri-rre
1320 1309 1510 1366 Christianum.
1533 1312 1605 1379 eros
1620 1315 1654 1368 ita
1676 1316 1772 1369 refellit
1791 1319 1949 1385 Apostolos,
1964 1329 1995 1373 ut

1204 1401 1992 1474 tantovuinusmlcospertineredieatgratiamchristianam,

1203 1503 1301 1561 qumto
1313 1494 1395 1562 magis
1407 1509 1465 1548 earn
1479 1495 1528 1548 sibi
1544 1504 1666 1565 tanquam
1682 1496 1798 1550 debitam
1810 1497 1955 1564 vindicant,
1965 1508 1992 1552 et

1202 1584 1277 1653 qirasi
1288 1584 1347 1653 jure
1359 1600 1468 1655 opernm
1487 1601 1561 1640 suam
1573 1602 1631 1640 esse
1640 1588 1796 1657 gloriantur.
1818 1588 1850 1640 ili
1865 1590 1929 1642 enim
1949 1590 1992 1657 qni

1202 1684 1329 1742 operatur,
1348 1675 1446 1745 inquit,
1465 1693 1556 1730 merres
1571 1694 1621 1729 nort
1633 1679 1770 1746 imputatur
1783 1679 1919 1731 terrendum
1932 1695 1991 1748 pra·

1202 1768 1273 1830 tiolo,
1288 1768 1332 1820 ted
1344 1769 1480 1823 secundnm
1494 1769 1611 1823 debitunt.
1630 1769 1662 1822 Ei
1675 1787 1730 1824 cero
1740 1772 1783 1839 qui
1797 1789 1847 1825 tran
1860 1783 1990 1840 operatur,

1201 1856 1310 1909 credenti
1322 1866 1404 1910 autent
1415 1859 1441 1911 in
1454 1874 1510 1911 euni
1524 1860 1567 1928 qni
1576 1862 1703 1930 justificat
1715 1862 1819 1930 impirnn
1832 1902 1839 1926 ,
1853 1863 1992 1929 deputatur

1200 1944 1264 2012 fides
1271 1946 1432 2014 adjustitiam
1443 1948 1527 2015 (llam
1540 1965 1574 2011 nt,
1587 1952 1614 2013 l,
1628 1952 1666 2015 5).
1679 1951 1710 2004 Et
1725 1952 1783 2006 idco
1794 1952 1941 2007 illosetianr
1953 1952 1989 2008 ab

1200 2047 1292 2087 eorum
1303 2050 1413 2089 nutritero
1424 2037 1550 2103 excludit,
1565 2040 1608 2106 qni
1622 2038 1765 2093 erinacis
1782 2050 1854 2094 vecte
1867 2041 1983 2096 eredide-

1199 2131 1276 2186 raut,
1302 2133 1329 2177 et
1348 2127 1432 2179 vivam
1457 2128 1672 2196 spiritualemque
1693 2131 1805 2199 gratiani
1828 2131 1987 2186 retinebant.

1199 2211 1270 2279 Quas
1290 2214 1413 2282 reliquias
1436 2214 1499 2268 dicit
1515 2218 1602 2285 prpuli
1617 2217 1769 2273 litelzeorum
1787 2220 1874 2273 salvas
1887 2221 1986 2286 lactas,
2066 2222 2083 2239 “

1199 2318 1260 2358 enm
1278 2306 1418 2362 multituda
1440 2308 1503 2362 isset
1525 2311 1550 2361 in
1571 2310 1770 2379 perditionem?
1785 2313 1830 2366 Sic
1848 2329 1907 2382 erqo
1924 2325 1948 2366 et
1960 2316 1988 2368 iu

1200 2395 1247 2449 bae
1268 2405 1395 2462 ternpore,
1424 2398 1522 2466 inquit,
1543 2401 1656 2469 reliquia
1675 2419 1719 2469 per
1739 2404 1881 2455 electionem
1898 2405 1988 2472 pratia

1199 2486 1276 2539 calca
1288 2488 1434 2556 sterterent.
1449 2487 1479 2541 Si
1489 2498 1571 2540 autent
1582 2491 1674 2557 gratia,
1683 2492 1738 2558 jum
1749 2507 1798 2544 tren
1809 2507 1840 2544 ea
1852 2493 1967 2557 operibus
1978 2508 1988 2544 .·

1199 2576 1311 2646 alioquin
1323 2577 1406 2646 qratia
1414 2577 1471 2645 jani
1484 2595 1533 2630 oon
1548 2589 1583 2632 est
1597 2581 1678 2649 prestio
1691 2577 1745 2647 (ld.
1758 2597 1796 2645 st,
1812 2581 1838 2644 5,
1853 2582 1890 2649 tl).
1907 2581 1939 2636 tn
1951 2584 1987 2636 illi

1199 2666 1373 2721 excludantur
1384 2683 1399 2721 a
1411 2669 1504 2736 gatlia,
1520 2669 1563 2736 qui
1577 2678 1699 2736 tanquam
1711 2686 1787 2722 sunm
1804 2671 1948 2738 proprium,
1962 2673 1987 2726 id

1199 2765 1255 2819 cst,
1269 2757 1394 2823 operibus
1408 2757 1463 2810 suis
1483 2758 1601 2812 debitum
1615 2768 1642 2811 ct
1659 2759 1748 2812 dotum
1770 2759 1902 2828 Evangelii
1919 2777 1987 2828 prse-

1198 2847 1281 2901 mium
1294 2846 1427 2902 viridicant
1441 2866 1447 2900 :
1464 2849 1538 2917 quasi
1557 2850 1688 2903 clmnante
1703 2850 1850 2920 synagoga,
1864 2850 1938 2905 illem
1952 2863 1988 2907 ert

1198 2937 1294 2993 Filiae.
1320 2939 1372 2994 Sed
1397 2940 1594 3004 mentiebatur3
1617 2951 1757 3010 acceperat
1778 2944 1849 2997 euim
1876 2961 1936 2998 euin
1960 2955 1988 3000 et

1199 3030 1257 3099 ipsa
1274 3049 1281 3084 z
1297 3030 1343 3085 sed
1356 3045 1436 3100 super
1448 3046 1508 3085 cunr
1524 3031 1678 3097 dortniens,
1695 3031 1719 3085 id
1735 3043 1792 3096 est,
1815 3035 1928 3102 superbe
1942 3052 1987 3090 sa·

1199 3120 1276 3188 piens
1289 3129 1439 3175 necaverat.
1457 3120 1586 3190 l'igilabtt
1598 3131 1685 3175 autem
1699 3122 1753 3191 jam
1777 3124 1824 3176 ists
1845 3135 1945 3187 ntater,
1961 3135 1988 3180 ct

1200 3212 1383 3281 intelligebat,
1400 3229 1452 3267 non
1474 3214 1574 3267 meritis
1593 3216 1665 3275 suis,
1687 3216 1747 3282 tpttia
1767 3219 1891 3272 meretrix
1912 3230 1986 3280 erat,

1199 3303 1245 3358 sed
1270 3303 1353 3373 gratia
1380 3303 1427 3358 liei
1454 3304 1503 3358 sibi
1534 3305 1615 3358 lilium
1640 3320 1699 3360 csse
1722 3321 1893 3372 eoncessum,
1921 3324 1988 3379 opus

1200 3394 1322 3448 videlicet
1341 3394 1499 3464 evangelice
1519 3395 1595 3457 lirici,
1616 3396 1686 3464 «titani
1707 3398 1732 3450 in
1749 3397 1808 3451 sinn
1825 3399 1913 3453 cardis
1936 3416 1987 3454 nu-

1201 3486 1264 3541 trire
1276 3486 1408 3554 cupiebat.
1422 3486 1511 3555 ltaque
1523 3486 1566 3541 illa
1578 3486 1687 3557 gloriam
1702 3487 1838 3542 liominum
1853 3490 1989 3560 quaerebat

1200 3577 1227 3631 in
1242 3577 1330 3632 alieno
1352 3577 1407 3633 lilio
1421 3594 1427 3630 z
1442 3575 1499 3631 lucc
1518 3578 1641 3633 allectum
1662 3579 1811 3636 dilectionis
1824 3583 1946 3637 servabat
1960 3583 1987 3637 in

1199 3681 1258 3721 sua.

1235 3759 1262 3813 l.
1284 3759 1409 3814 Adversus
1429 3761 1584 3830 lippocrirint
1604 3761 1641 3816 sie
1659 3762 1815 3827 certandum,
1833 3773 1859 3815 nt
1873 3771 1989 3816 caveatur

1202 3849 1339 3918 pericnlum
1353 3850 1504 3903 relrimratis.
1527 3849 1593 3904 lllnd
1611 3860 1697 3904 mitent
1714 3853 1781 3905 inter
1795 3853 1885 3906 amlms
1901 3853 1989 3920 rigale

1197 3937 1324 4006 judiciuin
1338 3938 1402 3991 niltil
1416 3937 1486 3991 alind
1501 3953 1550 3992 nos
1561 3939 1693 4002 adntonet,
1711 3941 1760 3993 nisi
1776 3951 1803 3994 nt
1818 3957 1864 4010 pro
1878 3944 1988 3998 veritate

1199 4036 1351 4091 certemus,
1366 4036 1393 4082 et
1406 4028 1570 4096 expellamus
1582 4028 1740 4099 hypocrisim
1761 4040 1882 4100 tatttpttam
1896 4032 1988 4086 salsam

1199 4125 1322 4183 matrem,
1333 4132 1349 4169 a
1363 4117 1494 4187 spirituali
1506 4119 1628 4173 Ecclesia
1638 4120 1709 4173 dorio
1723 4131 1844 4191 tanquam
1857 4123 1890 4176 ab
1902 4123 1989 4177 alieno

1200 4207 1989 4283 vivolrliomeepatiamureatndurninavieoneessaealiisgra·

1201 4297 1322 4367 tia-,quac
1332 4314 1407 4351 suam
1424 4299 1618 4353 enstotlirenon
1632 4301 1725 4368 potuit.
1737 4299 1788 4355 Sed
1803 4303 1852 4355 boc
1862 4302 1987 4358 iaciamus

1199 4385 1374 4440 defendentes
1388 4397 1466 4454 atque
1483 4397 1616 4442 certantes
1630 4405 1681 4442 noo
1696 4392 1824 4459 usquead
1843 4394 1987 4461 pericnlum

1199 4477 1346 4531 divisionis.
1363 4477 1408 4530 llla
1424 4478 1494 4530 enim
1508 4480 1639 4534 sententia
1650 4479 1757 4550 judicis,
1769 4497 1829 4536 eum
1841 4482 1919 4550 jussit
1929 4498 1989 4552 par·

1200 4569 1292 4623 tulum
1308 4566 1400 4632 dividi,
1416 4583 1468 4620 mm
1484 4578 1526 4622 est
1540 4570 1648 4623 unitatis
1663 4571 1793 4640 praecisio,
1807 4572 1853 4626 scd
1868 4573 1988 4641 probatio

1199 4658 1345 4713 cliavitatis.
1361 4658 1513 4713 Salomonis
1526 4661 1595 4714 cnitn
1608 4677 1713 4726 nonmn,
1725 4663 1794 4716 sicut
1808 4663 1892 4718 Latini
1907 4667 1988 4721 inler-

1200 4758 1346 4821 pretantnr,
1359 4748 1499 4802 l‘aeilienm
1511 4761 1561 4804 est.
1577 4750 1631 4805 ltev
1643 4766 1707 4805 veto
1720 4754 1844 4820 paciliens
1858 4771 1910 4810 nun
1924 4758 1989 4810 ‹lila-

1199 4854 1272 4898 cevat
1291 4845 1425 4906 membra,
1446 4861 1505 4914 quac
1521 4845 1621 4900 unitate
1634 4854 1712 4916 atquc
1725 4850 1866 4902 eoncordia
1883 4852 1987 4905 vitalem

1201 4935 1322 5002 spiritum
1345 4936 1483 4988 continent
1504 4935 1581 5007 :used
1607 4936 1732 4990 minando
1755 4936 1854 4991 invenit
1876 4947 1986 4994 titatretn

1199 5035 1332 5087 remanet
1342 5023 1484 5093 judicando
1498 5034 1602 5093 separat
1612 5025 1715 5079 falsam.
1732 5027 1759 5079 Si
1773 5043 1836 5096 ergo
1848 5028 1881 5082 ad
1895 5029 1987 5098 liujus-

1199 5113 1271 5168 tnntl't
1296 5115 1467 5168 tentationem
1487 5126 1594 5171 tentum
1608 5115 1703 5177 inerit,
1719 5132 1751 5171 ne
1767 5119 1852 5171 attritas
1866 5118 1987 5172 eluistia-

1200 5222 1241 5259 nau
1254 5206 1345 5275 gratiae
1358 5205 1513 5271 dividatur,
1534 5207 1663 5262 doeemur
1679 5210 1783 5275 dicere,
1799 5210 1862 5262 Date
1875 5212 1912 5263 illi
1925 5229 1987 5280 prire-

1199 5313 1265 5360 rum,
1281 5305 1376 5348 tontum
1389 5296 1461 5349 eieot.
1475 5296 1532 5351 Non
1547 5300 1616 5351 enirn
1631 5298 1759 5352 bonorem
1776 5301 1875 5362 matris,
1889 5303 1933 5358 sul
1946 5319 1986 5355 sa·

1200 5386 1362 5451 lutemiilii,
1379 5401 1438 5455 qnae
1458 5396 1543 5442 nrater
1564 5403 1625 5441 vera
1639 5396 1680 5441 est
1702 5390 1805 5458 qvvtcvit.
1827 5389 1988 5460 Ubicumque

1199 5476 1244 5531 illc
1257 5475 1344 5539 luerit,
1359 5476 1418 5546 plus
1428 5493 1487 5531 enm
1500 5477 1644 5545 possidebit
1653 5479 1757 5534 sincera
1767 5467 1874 5535 dilectio
1884 5483 1986 5550 trientis,

1199 5583 1278 5639 quam
1291 5567 1365 5622 lalscc
1379 5570 1525 5638 usurpatio.

1234 5660 1262 5714 5.
1285 5660 1371 5713 Altera
1390 5661 1499 5714 duorum
1518 5663 1649 5716 ritulierum
1664 5664 1823 5734 significatio.
1837 5665 1900 5719 ltem
1911 5665 1988 5723 virleu

1199 5750 1348 5820 signiticarc
1362 5751 1425 5806 istas
1437 5750 1503 5805 duas
1518 5753 1643 5807 mulieres
1657 5757 1682 5807 in
1701 5770 1751 5808 uon
1765 5755 1861 5821 domo,
1875 5756 1928 5810 dno
1942 5773 1989 5827 ge·

1201 5855 1263 5895 nera
1280 5840 1416 5896 borninnrn
1431 5843 1457 5895 in
1471 5859 1520 5896 ntra
1537 5844 1651 5898 Ecclesia
1667 5862 1674 5897 :
1690 5862 1768 5900 ottoni
1782 5864 1874 5902 eovntn
1889 5849 1913 5902 io
1927 5851 1980 5918 qin-

1235 5955 1241 5983 ¹
1255 5952 1464 6012 failbevtiuustts..
1476 5951 1587 6004 ‹tttdcltat
