4759 6684
393 666 483 728 verint
494 665 567 722 omni
580 664 659 720 modo
675 664 831 736 diligamus,
845 664 880 721 dc
892 664 973 722 eorde
989 676 1080 722 uestro
1094 665 1184 723 citari-

393 767 475 815 tatem
495 758 521 812 iu
542 770 590 810 eos
610 769 663 810 uon
684 748 857 822 dimittamus,
877 764 905 812 ιι
924 756 1102 827 disciplinam,
1122 771 1183 813 ιιι]

333 914 335 917 ,
393 864 461 921 opus
486 857 545 914 cst,
569 846 664 902 demus
689 863 696 901 :
724 862 758 904 ne
781 863 829 918 per
853 847 1011 904 solutionem
1037 847 1184 918 discipline

391 948 495 996 crescat
511 940 637 1009 nequitia,
658 948 686 993 et
704 939 860 1009 incipiamus
875 948 985 1011 propter
1004 939 1086 994 Deum
1104 953 1183 994 accu-

390 1032 461 1098 sari3
476 1032 537 1102 quia
550 1032 687 1087 recitatum
702 1041 743 1086 est
758 1031 845 1097 nobis,
857 1030 994 1087 Peccatum
1003 1047 1089 1085 rorant
1101 1031 1183 1085 ortui·

391 1125 436 1174 tur
449 1122 558 1192 corripe,
574 1132 602 1175 ιι
616 1122 700 1176 reteri
713 1122 827 1176 tiruorent
841 1121 947 1176 ituieoatt
959 1120 986 1192 (l
997 1120 1065 1176 Tiut.
1082 1137 1109 1187 r,
1121 1120 1180 1192 90).

390 1213 468 1267 Certe
479 1211 502 1265 si
518 1211 587 1281 quis,
602 1210 674 1282 quoti
688 1211 774 1266 solum
788 1227 880 1267 terum
894 1220 945 1279 est,
959 1211 1097 1281 distinguit
1113 1220 1182 1266 tetu-

390 1315 469 1370 pora,
484 1309 511 1355 et
529 1301 608 1356 soti-it
621 1301 811 1371 questionem,
827 1318 918 1357 rerum
932 1309 983 1358 cst.
1003 1302 1030 1358 si
1043 1310 1180 1372 peccatum

389 1394 416 1447 in
429 1403 532 1447 secreto
547 1403 598 1461 ert,
612 1394 638 1448 iu
653 1405 756 1450 secreto
768 1395 882 1466 corripe.
898 1395 926 1450 Si
942 1404 1077 1465 peccatum
1093 1393 1180 1465 publi·

388 1501 448 1539 cum
468 1493 510 1540 est
524 1494 551 1539 et
563 1496 696 1555 apertum,
721 1487 825 1557 publice
837 1490 941 1560 corripe
962 1508 969 1544 z
985 1499 1013 1545 ut
1027 1490 1071 1546 ille
1089 1506 1181 1546 emen·

387 1575 474 1642 detur,
489 1585 515 1630 et
527 1578 618 1632 caeteri
634 1578 753 1633 timeant.

615 1691 729 1747 suuuo
748 1691 901 1748 tntum·
917 1693 966 1764 ι).

387 1799 425 1855 De
435 1802 514 1856 uerbis
525 1800 656 1874 Evangelii
668 1802 790 1868 :liuttici
803 1821 861 1875 cop.
872 1821 926 1871 ιιι,
942 1805 986 1871 li,
996 1805 1024 1863 Si
1037 1806 1075 1861 ris
1087 1806 1178 1863 uenire

594 1892 627 1947 ad
641 1894 732 1959 ritant,
748 1909 823 1949 serra
839 1895 971 1950 mandata.

420 2004 534 2060 carot
548 2004 753 2061 [tutudit-t.
770 2006 880 2061 AEtctuu
891 2007 941 2060 vitu
954 2019 1074 2078 quuttttuu
1085 2025 1176 2062 omou-

389 2098 422 2148 du
437 2097 478 2161 sit,
488 2096 634 2168 intelligitur
657 2113 688 2151 cx
711 2114 796 2151 oritorr
812 2098 889 2168 liujus
911 2099 976 2152 ultre.
1000 2098 1069 2153 ttiiit
1088 2100 1177 2153 bonti-

387 2201 437 2240 ιιι
451 2185 554 2241 cuidam
568 2187 728 2242 adolescenti
743 2205 750 2240 ι
765 2187 795 2242 st
811 2188 845 2240 uis
859 2188 940 2241 tenire
952 2189 987 2240 ιι
998 2188 1090 2255 eitum,
1105 2204 1176 2244 serra

387 2278 517 2331 ururrdatu.
533 2277 590 2331 Nou
606 2277 681 2342 dixit,
692 2277 720 2333 Si
734 2277 773 2332 ris
788 2278 877 2332 uenire
890 2277 922 2332 ud
934 2278 1013 2332 uitam
1025 2288 1173 2336 curnam:

382 2367 442 2433 sed,
457 2367 487 2423 Si
500 2368 536 2422 uis
548 2371 630 2422 aurire
642 2371 676 2421 ιι
688 2368 783 2432 uitam,·
798 2382 855 2421 eam
869 2366 998 2423 deliniens
1012 2369 1102 2434 ritant,
1115 2383 1175 2440 quac

384 2458 461 2514 luerit
473 2469 572 2515 aeterua
588 2461 651 2514 rita.
667 2458 750 2528 liujus
762 2473 827 2529 ergo
844 2459 903 2513 uitae
918 2475 1037 2515 amorem
1053 2476 1101 2515 uos
1117 2460 1172 2532 pri·

314 2579 318 2588 ι
382 2550 462 2605 unitus
472 2549 698 2606 commendemus.
710 2549 815 2605 Etetiim
826 2558 930 2604 amatur
940 2559 966 2605 et
977 2551 1175 2622 qualiscumque

381 2642 434 2695 rita
459 2641 526 2706 ista;
553 2648 580 2695 et
606 2642 689 2710 ipsam
713 2639 953 2711 qualemcumque,
978 2656 1172 2712 aerumnosam,

381 2732 514 2795 miseram,
530 2731 606 2785 stutire
625 2729 745 2785 bomincs
764 2730 869 2794 timent,
890 2739 919 2784 ct
937 2740 1090 2799 parescunt.
1105 2731 1173 2788 ilinc

379 2820 522 2877 uidendum
543 2830 594 2885 cst,
619 2821 680 2876 ltiuc
698 2820 930 2887 considerandum,
950 2824 1172 2893 quemadmodum

378 2914 490 2971 auiauda
510 2914 544 2968 sit
559 2924 658 2970 aterna
677 2913 748 2979 rita;
769 2914 874 2983 quaudo
894 2915 934 2971 sic
953 2926 1057 2972 amatur
1076 2917 1171 2973 misera

378 3008 428 3064 ista
442 3015 470 3063 ct
483 3006 642 3077 quaudoque
655 3005 769 3062 iitticuda
784 3006 847 3061 uita.
862 3006 1046 3075 Considerate,
1062 3009 1168 3078 iratres,

379 3106 506 3169 quantum
522 3096 634 3152 amanda
653 3097 688 3152 sit
700 3096 763 3163 rita,
777 3097 820 3153 ubi
841 3113 976 3168 nunquam
990 3098 1065 3154 linias
1078 3104 1170 3158 uitam.

377 3192 459 3247 Amas
472 3205 536 3260 crgo
555 3190 632 3243 istam
646 3189 736 3257 uitam,
757 3190 801 3245 ubi
821 3198 922 3244 tautum
941 3191 1057 3259 laboras,
1071 3192 1166 3261 curris,

378 3284 487 3353 satagis,
502 3281 611 3337 turbelas
623 3297 630 3348 ;
644 3290 670 3336 et
684 3281 725 3335 rix
742 3291 932 3337 enumerantur
943 3299 1003 3354 qum
1018 3285 1168 3341 necessaria

376 3374 474 3428 suntin
486 3373 664 3435 tuiserarita;
678 3373 819 3437 seminare,
835 3389 921 3439 arare,
935 3374 1080 3439 novellare,
1093 3374 1167 3430 uari·

374 3479 448 3534 gare,
468 3464 579 3530 molere,
598 3478 722 3534 coquere,
744 3472 833 3518 terere
853 3481 860 3517 :
883 3473 983 3534 etpost
1001 3466 1059 3521 ιιι
1078 3468 1166 3525 omnia

375 3555 450 3611 linire
465 3554 547 3609 babes
560 3554 652 3610 uitatu.
675 3554 744 3610 Ecce
765 3570 824 3625 quae
845 3556 942 3625 pateris
958 3558 984 3611 in
1000 3558 1096 3614 misera
1113 3559 1166 3618 isia

373 3663 452 3719 quam
467 3647 555 3718 diligis
569 3645 645 3701 rita:
667 3655 694 3701 ct
719 3656 796 3716 putas
811 3656 836 3700 ιι
854 3661 961 3717 scatnper
979 3648 1119 3717 uicturum,
1138 3659 1166 3707 ei

374 3754 506 3810 uunquam
519 3737 695 3793 moriturum?
708 3738 827 3808 Templa,
844 3753 918 3806 saxa,
934 3755 1078 3807 summota,
1093 3741 1165 3798 ierro

373 3828 534 3898 plumboque
545 3827 720 3895 consolidata,
737 3836 824 3883 tamen
839 3828 939 3883 eadunt
950 3848 956 3883 ι
970 3841 997 3885 ιι
1008 3830 1089 3885 ltonto
1100 3849 1165 3888 trutt-

371 3934 450 3989 quam
472 3934 502 3974 ιι
525 3927 600 3990 putat
621 3920 798 3975 moriturum?
825 3921 922 3977 Discite
944 3937 1026 3993 ergo,
1049 3924 1162 3994 iratres,

370 4026 491 4081 qtuercre
502 4021 629 4067 atcrtmm
643 4013 735 4078 uitam,
751 4012 794 4067 ubi
811 4012 860 4066 ista
873 4030 926 4068 non
943 4015 1100 4083 tolerabitis,
1116 4015 1163 4072 sed

370 4103 397 4158 in
410 4112 539 4159 :eternum
551 4119 612 4159 eum
628 4104 682 4158 beo
694 4102 848 4174 regnabitis.
862 4105 911 4170 Qui
926 4106 996 4160 enim
1012 4107 1063 4160 ruit
1075 4108 1161 4174 nitunt,

369 4194 439 4249 sicui
455 4193 518 4250 dicit
539 4193 685 4264 propbeta,
706 4193 789 4264 diligit
803 4194 887 4248 uidere
906 4195 959 4250 dics
979 4197 1058 4250 bonos
1076 4194 1160 4267 (Paul.

369 4300 465 4350 ιιιιι,
480 4285 536 4355 ta).
548 4284 615 4339 Nam
629 4283 655 4339 iu
668 4284 762 4341 diebus
774 4284 850 4340 maiis
862 4299 935 4340 mors
949 4286 1035 4356 potius
1044 4296 1159 4357 optatur,

368 4391 447 4445 quam
467 4375 529 4431 rita.
553 4374 645 4431 Nonne
666 4375 787 4431 andimus
809 4384 836 4430 et
854 4375 973 4432 ridemus
993 4376 1116 4433 homiues
1134 4378 1160 4433 iu

367 4468 500 4539 aliquibus
525 4468 738 4524 tribulationibus
761 4477 789 4524 ιι
812 4470 959 4540 angustiis,
983 4470 1159 4525 conflictatio·

368 4559 447 4614 uibus
459 4568 487 4614 ot
498 4558 698 4631 egritudinibus
710 4558 774 4613 dum
793 4570 855 4615 suut
870 4562 1017 4630 constituti,
1030 4571 1056 4618 ιι
1072 4562 1162 4652 ridcu'i

368 4662 398 4703 se
415 4648 552 4713 laborare,
566 4647 631 4702 nibil
644 4647 716 4702 aliud
726 4649 816 4704 dicere
831 4650 893 4715 nisi,
914 4651 984 4707 Deus
1003 4653 1078 4708 mitte
1123 4649 1160 4710 itti

370 4746 498 4800 mortem,
523 4738 645 4794 accelera
667 4737 725 4793 dics
750 4739 847 4794 meos?
872 4740 903 4794 Et
924 4742 1065 4811 aliquando
1131 4743 1159 4800 tit

367 4826 511 4895 agritudo3
539 4827 671 4894 curritur,
697 4827 865 4884 adducuntur
890 4828 1003 4896 medici,
1029 4825 1113 4906 solidi
1132 4837 1159 4892 ιι

367 4932 476 4974 tituoera
500 4917 700 4987 promittuntur.
727 4918 795 4973 Dicit
816 4919 863 4975 tibi
888 4920 944 4990 ipsa
968 4935 1041 4976 mors
1062 4939 1069 4975 :
1091 4909 1158 5012 ξιιι

366 5009 469 5075 adsum,
484 5024 561 5080 quatu
575 5009 653 5078 paulo
664 5017 725 5064 aute
740 5025 755 5063 a
774 5009 887 5064 bomiuu
900 5011 1022 5081 petebas;
1037 5011 1098 5082 quid
1108 5017 1157 5069 'nte

367 5099 447 5157 ruodo
458 5099 549 5169 ingere
559 5100 615 5156 risi
626 5099 715 5157 louetti
730 5110 755 5155 ιι
767 5099 929 5167 falsatorem,
943 5112 969 5157 et
982 5103 1087 5159 tuiserae
1097 5103 1157 5161 rite

365 5196 524 5252 conatorem.

400 5289 429 5343 2.
449 5287 514 5342 riuti
533 5295 592 5341 utut
611 5286 666 5340 diet
686 5287 762 5354 irujtta
781 5287 847 5342 uite.
873 5285 938 5342 Vero
955 5304 985 5341 uc
1007 5289 1078 5342 iectu
1094 5288 1155 5355 uita,

365 5390 469 5436 curuo.
506 5379 545 5435 lle
569 5378 611 5433 bis
647 5386 737 5434 autem
763 5377 858 5434 diebus
886 5393 952 5449 quos
976 5380 1095 5449 agimus,
1118 5379 1156 5435 ait

366 5471 527 5541 Apostolus,
551 5469 711 5524 Rediuiuum
735 5480 852 5537 tcutptu,
876 5470 994 5540 qttouiom
1017 5471 1071 5526 dies
1093 5471 1155 5526 ntuli

364 5572 423 5616 suut
445 5559 553 5633 (Epiros.
570 5574 599 5625 ι,
615 5558 671 5626 id).
691 5558 749 5613 Nou
771 5569 832 5614 sunt
851 5576 916 5630 ergo
930 5561 987 5618 dics
1007 5562 1070 5616 mali
1089 5576 1155 5633 quos

364 5652 467 5722 agimus
485 5648 677 5719 incorruptela
699 5648 778 5718 iuius
792 5649 896 5719 canitis,
911 5650 937 5705 in
958 5660 1029 5706 tanta
1042 5650 1084 5707 rel
1104 5651 1154 5708 sub

396 5822 557 5874 'recensitus
567 5822 596 5872 ad
613 5829 665 5873 tres
675 5821 717 5871 bu.
730 5827 757 5871 et
771 5828 874 5885 quatuor
885 5820 916 5872 cl.
928 5822 958 5874 al
972 5834 994 5874 a.
1007 5824 1046 5873 cb.
1060 5822 1077 5874 i.
1089 5824 1114 5874 tt.
1126 5836 1151 5888 g.

365 5894 396 5938 tr.
408 5898 439 5933 m.
453 5899 489 5949 pr.
505 5899 550 5933 rm.
564 5884 603 5933 rd.
617 5889 841 5933 imminuantur.

397 5949 433 6011 (a)
444 5947 513 6007 alias,
524 5947 557 5995 de
567 5946 650 5998 verbis
659 5944 750 5996 boniol
764 5944 801 5994 l'l.

997 553 1025 610 S.
1046 551 1229 612 tuebantur
1249 556 1399 617 utimum

1241 677 1312 724 tauta
1325 675 1429 727 sarcina
1444 677 1624 747 corruptibilis
1639 682 1769 753 corporis,
1785 685 1854 742 inter
1869 696 1959 747 tantas
1971 701 2031 750 ιιι-

1238 764 1363 832 tationes,
1377 767 1447 822 inter
1461 776 1549 825 ιιιιιι
1562 771 1803 845 ιὶιιιιιιιιιιςιιι
1818 778 1884 838 ialta
1896 785 2031 858 voluptas,

1237 855 1310 910 nulia
1335 860 1466 915 securitas
1492 863 1598 932 gaudii,
1624 868 1704 923 timor
1729 878 1874 942 torquens,
1899 878 2031 948 cupitlitur

1236 945 1328 1014 arida,
1352 947 1457 1004 tristitia
1477 953 1574 1008 arida?
1594 955 1663 1012 Ecce
1685 974 1765 1028 quam
1786 964 1872 1020 malos
1895 965 1957 1023 dics
1977 985 1986 1024 t
2004 981 2031 1034 ct

1235 1051 1315 1093 nemo
1330 1040 1384 1095 ruit
1403 1040 1480 1097 linire
1500 1045 1572 1113 ipsos
1591 1048 1674 1103 malos
1692 1050 1760 1119 dits,
1782 1056 1954 1129 inultumque
1968 1059 2031 1118 hiuc

1235 1141 1328 1200 rogaui
1342 1132 1463 1190 bomiues
1478 1136 1572 1205 ileum,
1587 1148 1617 1194 ιι
1628 1140 1673 1195 diu
1687 1144 1784 1200 ritant.
1800 1147 1871 1215 Quid
1883 1160 2030 1212 cstauien

1234 1220 1280 1277 diu
1304 1225 1409 1290 uiuere,
1432 1228 1483 1283 uisi
1506 1229 1552 1286 diu
1574 1235 1711 1303 torqueri?
1734 1238 1803 1304 Quid
1824 1251 1866 1296 cst
1888 1245 1965 1301 aliod
1982 1248 2031 1304 diti

1232 1313 1334 1378 virere,
1355 1331 1434 1387 quam
1456 1320 1540 1375 malus
1558 1321 1616 1377 dics
1637 1326 1715 1380 malis¹
1735 1327 1828 1384 diebus
1847 1332 1975 1391 adderci
1994 1338 2028 1396 Et

1232 1416 1292 1457 ctum
1316 1415 1440 1463 crescunt
1462 1411 1548 1479 pueri,
1572 1413 1647 1480 quasi
1669 1417 1800 1474 accedunt
1822 1420 1876 1478 illit
1899 1423 1975 1494 dier:
2001 1441 2029 1486 ct

1233 1497 1355 1553 niisciuut
1377 1501 1439 1569 quia
1457 1502 1615 1559 minuuntur
1630 1523 1638 1559 z
1653 1516 1680 1562 et
1698 1509 1755 1579 ipsa
1773 1521 1814 1567 est
1833 1514 1898 1570 laisa
1917 1532 2030 1590 compe

1233 1589 1307 1642 tatio.
1322 1589 1510 1650 crescentibus
1527 1596 1600 1651 euim
1613 1596 1747 1656 decedunt
1759 1601 1817 1659 dies
1829 1608 1931 1676 potius,
1946 1625 2027 1681 qm

1233 1681 1371 1736 recedunt.
1387 1683 1526 1742 Constitue
1539 1688 1620 1744 alicui
1639 1689 1739 1746 bomini
1754 1705 1827 1763 nato,
1842 1698 1919 1754 uerbi
1931 1703 2026 1771 gratia,

1231 1773 1367 1842 octogiuta
1382 1788 1468 1830 annot
1483 1795 1491 1831 a
1505 1778 1633 1849 quidquid
1650 1780 1731 1850 uiuit,
1746 1783 1899 1844 desummo
1920 1791 2025 1852 minuit

1230 1860 1266 1915 Et
1277 1864 1359 1933 inepti
1370 1863 1493 1922 botniues
1501 1871 1669 1938 gratulantur
1682 1874 1804 1943 plurimis
1816 1881 1958 1950 natalitiis,
1972 1893 2025 1943 ιιι

1230 1953 2025 2037 ιιῑι,ιιιιιι1ἰιιιιιιιιιιιι.οιἰιιιιιι·ιιιιιιιι18ἰιίιι

1229 2043 1565 2118 vinuutmittuaturinutre,
1578 2055 1691 2111 tristaris
1700 2076 1706 2112 :
1714 2057 2026 2137 diaspemiectgattdcri

1230 2134 1291 2189 ilali
1301 2152 1364 2207 ergo
1372 2150 1434 2194 sunu
1444 2140 1502 2196 dies
1514 2161 1521 2195 :
1532 2152 1559 2197 ιι
1570 2160 1603 2200 eo
1613 2148 1727 2217 pejores,
1739 2153 1801 2220 quia
1810 2154 1970 2225 diliguntur.
1981 2159 2025 2218 Sic

1228 2225 1411 2287 blanditorltie
1422 2233 1547 2302 mundus,
1557 2247 1586 2291 ut
1599 2253 1677 2294 tiemo
1687 2242 1749 2296 uelit
1760 2243 1835 2302 sarrire
1843 2261 2021 2310 aerutuuota·

1228 2317 1319 2372 uitam.
1329 2318 1397 2375 llera
1411 2322 1482 2376 euim
1491 2324 1543 2378 uita
1555 2327 1597 2381 uel
1611 2328 1687 2383 beata
1697 2329 1755 2387 lucc
1764 2341 1816 2400 est,
1826 2351 1890 2392 cunt
1901 2354 2020 2414 resurgo·

1227 2425 1287 2467 tntu
1299 2420 1326 2466 et
1338 2428 1399 2467 cum
1413 2414 1522 2472 Citristo
1533 2421 1713 2489 regnabimus.
1725 2424 1791 2480 Nam
1803 2436 1831 2482 ct
1845 2429 1921 2501 impii
1934 2447 2019 2492 mn·-

1227 2504 1323 2557 tccturi
1337 2513 1410 2570 sum,
1425 2506 1472 2561 scd
1487 2507 1615 2580 inignem
1636 2513 1709 2568 ituri.
1728 2516 1784 2571 l'ita
1798 2517 1889 2588 itariae
1902 2537 1956 2578 uon
1968 2535 2015 2594 art,

1227 2591 1277 2646 nisi
1292 2593 1377 2647 beata.
1392 2595 1425 2650 Ει
1436 2597 1491 2652 rita
1505 2598 1582 2655 beata
1594 2615 1655 2657 esse
1669 2618 1722 2659 uon
1733 2614 1829 2675 potest,
1844 2611 1896 2666 uisi
1908 2622 2015 2682 emm,

1226 2681 1270 2736 ubi
1282 2692 1344 2738 sunt
1358 2684 1416 2740 dies
1428 2685 1505 2754 boni,
1522 2704 1572 2744 uec
1591 2692 1682 2760 multi,
1697 2695 1744 2749 ιιι
1758 2712 1839 2753 uitus.
1855 2699 1895 2755 Ex
1908 2715 2015 2761 couno-

1226 2774 1316 2830 tudiue
1330 2776 1409 2846 buius
1422 2779 1483 2834 vitre
1497 2782 1621 2851 appellati
1636 2794 1697 2841 suut
1714 2786 1782 2844 dies.
1798 2790 1862 2847 [lies
1874 2793 1921 2850 illc
1935 2799 2017 2854 uertit

1224 2874 1322 2932 ortum,
1337 2868 1422 2923 nescit
1435 2885 1569 2926 oceasum.
1585 2874 1625 2929 llli
1641 2875 1698 2931 dici
1712 2894 1765 2933 nou
1784 2883 1906 2938 succedit
1922 2888 2015 2944 orasti·

1223 2969 1289 3020 uus;
1304 2957 1365 3026 quia
1385 2973 1437 3014 nou
1457 2963 1581 3030 praecedit
1595 2979 1657 3021 eum
1676 2965 1826 3024 hesternos.
1841 2972 1920 3030 iluuc
1934 2975 2014 3046 diu,

1222 3045 1264 3101 uel
1279 3046 1328 3102 lios
1340 3048 1414 3118 dies,
1430 3060 1457 3106 et
1471 3052 1540 3108 lianc
1553 3054 1653 3124 uitam,
1669 3067 1696 3113 ιι
1710 3075 1800 3114 ueram
1812 3062 1895 3118 ritaru
1915 3065 1944 3121 in
1956 3081 2016 3137 pru·

1222 3140 1310 3198 niissis
1325 3140 1464 3199 babemus.
1480 3146 1601 3217 dlicujus
1616 3163 1681 3219 ergo
1692 3151 1781 3220 operis
1795 3168 1899 3212 mercer
1919 3165 1971 3214 ιιι.
1985 3156 2015 3215 st

1221 3235 1292 3287 euim
1307 3234 1458 3291 mercedem
1473 3251 1608 3307 amamus,
1629 3239 1751 3311 inopere
1769 3258 1824 3299 nou
1835 3245 2013 3306 deliciamur

1221 3333 1248 3378 ιι
1262 3327 1289 3379 in
1303 3334 1431 3381 eternum
1445 3344 1506 3383 cum
1520 3329 1627 3387 Christo
1640 3333 1822 3403 regnabimus.

1447 3440 1562 3496 summ
1581 3443 1781 3515 cxxxv-(tt.
1884 3427 1888 3432 ’

1219 3526 1258 3582 ile
1270 3530 1349 3584 aeriis
1369 3529 1501 3601 Eurupeiii
1514 3532 1638 3600 llottltoei,
1659 3551 1716 3606 cup.
1735 3552 1791 3602 xta,
1810 3539 1905 3596 tt-ta.
1926 3542 1955 3599 si
1973 3543 2012 3600 vis

1341 3624 1431 3678 tenire
1446 3624 1479 3678 ad
1496 3626 1586 3690 ritum,
1601 3642 1676 3682 serra
1692 3630 1825 3699 mandata,
1841 3641 1896 3688 etc.

1252 3733 1365 3791 utiba
1376 3735 1622 3793 intituli-ileu.
1639 3740 1663 3793 l.
1677 3739 1856 3798 iiuutimorttut
1871 3744 2009 3804 vimnau

1217 3827 1251 3880 ati
1264 3828 1454 3897 protrtcreuduut
1469 3828 1553 3882 uitium.
1570 3829 1744 3901 Etuugeiiuat,
1759 3849 1787 3887 os
1802 3834 1909 3890 Cirristi.
1924 3819 2011 3894 iiva'n·

1219 3917 1302 3987 gelica
1316 3917 1405 3983 lectio,
1420 3934 1479 3989 qum
1493 3919 1571 3974 litttdtt
1587 3922 1722 3990 personuit
1736 3923 1763 3977 iu
1777 3926 1888 3981 auribus
1900 3929 2008 3996 tinstris,

1216 4005 1321 4075 lintres,
1335 4007 1483 4064 auditorem
1497 4012 1579 4081 magis
1592 4020 1670 4081 atquc
1682 4011 1821 4083 lactarem,
1832 4003 1915 4088 quant
1927 4033 2010 4092 expo·

1216 4099 1325 4155 siturem
1339 4100 1482 4156 desiderat.
1498 4103 1564 4168 Quid
1579 4103 1628 4158 lure
1640 4104 1699 4160 lucc
1710 4105 1816 4174 clarius,
1832 4107 1865 4164 Si
1878 4111 1916 4166 eia
1927 4111 2009 4168 uenire

1215 4191 2007 4266 orluitam,semuittoudutuiQuidergodieturussttmiSitit

1215 4282 1297 4336 octrirc
1306 4282 1339 4335 ud
1347 4284 1432 4350 uitam,
1441 4300 1512 4338 serua
1520 4283 1719 4351 maurioluouis
1726 4298 1768 4342 est
1777 4290 1820 4360 qui
1830 4291 1900 4347 nolu
1910 4293 2007 4350 vitanti

1214 4379 1241 4425 et
1249 4380 1336 4426 tamen
1344 4373 1402 4443 quis
1410 4383 1451 4427 cst
1458 4374 1572 4444 quirclit
1580 4390 1687 4433 seruare
1698 4377 1819 4433 mandata
1826 4379 1876 4437 tsi
1885 4383 2004 4440 mandata

1214 4474 1321 4515 seruare
1330 4475 1383 4516 uou
1396 4463 1446 4529 ris,
1458 4479 1540 4534 quare
1549 4465 1629 4520 uitam
1644 4467 1760 4536 quaerisl
1772 4469 1799 4524 Si
1810 4469 1844 4524 ati
1856 4487 1925 4543 opus
1934 4473 2005 4546 piger

1213 4567 1250 4616 es,
1258 4567 1340 4621 quare
1349 4552 1382 4609 ad
1392 4555 1542 4611 mercedem
1552 4558 1677 4613 lestiuas?
1688 4559 1758 4614 bixit
1767 4560 1850 4618 seille
1858 4562 2005 4622 dircsado·

1213 4639 1316 4697 iesceus
1326 4657 1446 4700 seruasse
1456 4646 1578 4701 mandata
1587 4664 1594 4700 τ
1603 4648 1702 4703 audiuit
1710 4661 1842 4721 precepta
1854 4655 2004 4725 majoradi

1212 4734 1248 4787 ois
1257 4737 1447 4807 persertusetse,
1456 4752 1533 4790 uuum
1542 4738 1585 4791 titi
1595 4738 1677 4804 deest,·
1688 4741 1758 4805 uude,
1769 4745 1848 4822 neutile
1857 4747 2004 4818 ouutiaq'oe

1212 4823 1297 4892 liuius,
1313 4834 1336 4879 et
1349 4826 1382 4879 du
1397 4843 1446 4897 pau
1451 4828 1548 4900 peribus
1563 4845 1572 4883 :
1585 4844 1633 4885 nce
1647 4830 1753 4901 perdes,
1768 4833 1815 4888 scd
1829 4837 1936 4892 lumchis
1949 4837 2001 4894 tlte-

1211 4932 1313 4970 tuurmu
1332 4917 1358 4970 iu
1377 4919 1455 4983 celo,·
1474 4929 1497 4973 et
1516 4920 1581 4986 uerti,
1601 4937 1703 4991 sequere
1722 4939 1770 4978 ute.
1785 4924 1854 4981 Nam
1874 4929 1940 4999 quld
1958 4929 2001 4988 titi

1211 5006 1328 5076 prodest,
1351 5007 1372 5061 si
1397 5008 1502 5076 leceris,
1526 5017 1554 5065 ct
1574 5025 1627 5065 uon
1649 5013 1768 5082 sequaris
1785 5016 1853 5070 me?
1867 5019 2003 5076 abscessit

1210 5105 1298 5152 autern
1323 5098 1405 5153 tristis
1429 5114 1460 5154 ae
1481 5110 1604 5169 moestus,
1630 5102 1699 5157 sicut
1719 5103 1834 5161 audistis
1858 5107 2001 5166 :babebat

1210 5189 1280 5244 euim
1294 5191 1391 5246 namtas
1411 5191 1516 5247 diuitias
1541 5192 1617 5260 Quod
1632 5195 1732 5250 audiuit
1745 5195 1799 5263 ille,
1814 5200 1967 5259 audirimus
1975 5212 2001 5260 ιι

1210 5295 1268 5334 rios.
1285 5280 1321 5335 Os
1335 5280 1443 5349 Christi,
1459 5283 1632 5356 Euangelium
1645 5295 1695 5342 ιιι.
1710 5287 1739 5342 ln
1752 5289 1825 5345 coelo
1838 5291 1917 5348 sedet
1932 5310 1940 5348 ε
1955 5293 2000 5350 ιιι

1209 5370 1235 5425 iu
1251 5381 1322 5428 terra
1334 5373 1405 5444 loqui
1420 5390 1471 5429 uon
1485 5387 1583 5432 cessat.
1598 5378 1652 5435 llos
1664 5395 1717 5434 uon
1730 5380 1814 5438 simus
1826 5384 1904 5440 surdi
1918 5403 1926 5440 :
1940 5399 2000 5441 ttartt

1209 5465 1253 5521 ille
1265 5468 1370 5522 clamat.
1386 5467 1440 5524 b'os
1454 5484 1508 5523 nun
1530 5470 1615 5527 simus
1629 5474 1725 5528 mortui
1742 5490 1749 5527 :
1764 5489 1826 5530 uatn
1847 5476 1895 5533 ille
1916 5485 1999 5533 tonat.

1207 5557 1234 5614 Si
1249 5561 1348 5629 tnajora
1362 5576 1415 5616 nou
1430 5563 1471 5616 uis
1484 5561 1581 5628 lacere,
1598 5566 1699 5620 ntiuora
1715 5564 1765 5621 iac.
1780 5567 1856 5624 Onus
1869 5570 1999 5640 majorum

1207 5648 1239 5703 ad
1253 5657 1279 5705 te
1293 5651 1403 5706 inultum
1415 5661 1467 5720 ιιι,
1478 5654 1520 5707 ucl
1532 5654 1633 5709 minora
1646 5655 2001 5731 perordinationem

1208 5743 1282 5812 piger
1305 5745 1351 5799 cui
1374 5745 1438 5815 quid
1462 5746 1582 5816 utrisque
1605 5746 1771 5805 aduersaris?
1793 5750 1896 5822 llajora
1921 5761 1998 5820 sttui,

1236 5885 1420 5937 ‘tunectmi
1429 5899 1464 5937 es.
1474 5886 1505 5936 el.
1518 5900 1556 5949 gr.
1566 5901 1588 5937 s.
1599 5896 1648 5937 unt.
1659 5895 1695 5938 ιι.
1707 5896 1758 5940 tar.
1771 5897 1818 5942 Lot·

1236 5945 1273 6009 (u)
1285 5946 1354 6009 ultas,
1365 5949 1397 5999 de
1408 5957 1526 6012 Tempu-ru
1535 5947 1590 6000 itit.
