4759 6684
370 629 438 687 m

368 757 433 814 or‘go
444 741 611 810 superruios,
622 739 697 793 Dens.
712 735 769 791 Jum
784 734 941 800 factumest,
954 731 1008 804 jum
1021 732 1157 802 ituuietum

367 844 418 890 est.
434 833 487 889 Sed
500 833 625 898 dicimus,
644 832 782 900 Qruuuudu
797 831 913 900 futurum
937 825 1092 897 [remedie-tum
1105 831 1157 889 est,

368 925 491 980 Csuiture
503 941 578 995 super
601 927 675 979 coetos
691 923 777 986 Deum·
794 938 846 976 mm
868 920 990 981 uidimus,
1006 918 1053 973 sed
1072 916 1158 972 credi·

367 1031 426 1071 urm
442 1033 449 1070 ε
464 1030 527 1072 cecc
540 1023 602 1070 oute
623 1015 714 1070 oeulos
739 1023 845 1070 nestros
865 1021 907 1067 est
925 1010 996 1081 quiid
1019 1010 1157 1079 sequitur.

368 1108 491 1162 iz'xoiture
510 1123 587 1176 srtper
599 1107 684 1173 eoeior,
713 1104 791 1167 deur,
814 1114 926 1173 etormet
947 1117 1046 1156 enrueut
1068 1110 1159 1153 terrum

366 1201 449 1274 §torio
467 1209 509 1253 too
524 1198 608 1268 (Prot.
630 1214 682 1264 ιιι,
700 1197 755 1268 iit.
775 1196 832 1252 Nou
854 1194 945 1250 credat
960 1193 1034 1258 itiud,
1047 1192 1091 1261 qui
1105 1206 1158 1245 nou

366 1291 437 1348 ridet
449 1289 529 1346 istud.
553 1290 621 1357 Quid
641 1299 680 1343 est
696 1289 779 1351 etum,
806 1287 837 1340 et
860 1301 935 1356 stipor
954 1300 1053 1338 ornnem
1067 1292 1158 1336 terrum

365 1382 447 1452 moria
466 1383 528 1437 tuo!
549 1382 610 1448 nisi,
629 1396 709 1449 super
723 1395 831 1433 eruorem
846 1387 943 1432 terrum
963 1374 1080 1430 Ecclesia
1095 1383 1157 1442 tuo,

366 1492 447 1547 urerer
456 1492 562 1531 ouureut
574 1486 670 1531 terrum
682 1485 801 1530 rmrtronu
813 1464 884 1542 mid,
895 1488 1090 1543 suumoumcm
1104 1480 1157 1525 ter·

369 1584 426 1624 rom
439 1584 536 1639 sruurso
549 1579 603 1634 tun,
614 1568 708 1624 dilectu
721 1579 775 1630 tuo,
791 1567 913 1622 coimutrn
930 1576 984 1631 tur,
994 1564 1090 1633 eorrjm
1102 1573 1155 1617 tna·

366 1656 425 1728 insu
433 1669 475 1714 est
484 1658 566 1729 gioria
579 1672 633 1724 tm,
647 1656 691 1712 Vir
698 1657 809 1727 quidem,
820 1655 1017 1725 uitdmrstoius,
1027 1672 1076 1709 non
1087 1653 1157 1707 debet

365 1751 448 1805 utere
460 1759 614 1820 capotenus
625 1750 655 1803 sit
670 1749 753 1819 intono
764 1758 786 1802 et
800 1748 880 1818 nimiu
891 1747 936 1801 dei
951 1748 1059 1802 :mulier
1073 1757 1166 1801 eutem!

364 1839 447 1910 ,um
461 1840 507 1895 uiri
519 1840 547 1911 (i
561 1838 618 1895 Cor.
636 1856 673 1907 ιι,
688 1839 725 1911 7).
739 1837 766 1894 Si
782 1840 877 1893 mulier
891 1839 973 1908 glorio
991 1838 1038 1892 uiri
1064 1838 1156 1892 Eccle-

366 1929 406 1984 sia
421 1929 504 1999 gioria
520 1928 617 1984 Christi
633 1931 652 1983 2.

594 2063 710 2120 SERMO
728 2063 851 2118 CCLXiii
867 2062 926 2136 ’(ιι).

591 2162 624 2204 [te
633 2155 777 2205 mensione
788 2154 888 2212 Domini,
899 2167 932 2201 m.

405 2257 430 2311 i.
462 2257 618 2326 Cierificntio
645 2265 668 2312 et
700 2256 803 2311 victorio
837 2254 930 2310 Ciuisti
962 2255 1084 2322 constrictu
1120 2263 1156 2306 est

367 2347 548 2400 resurrectione
566 2357 589 2400 et
612 2348 765 2400 ascensione.
788 2344 920 2410 Cirristm,
943 2345 980 2397 teo
1018 2353 1040 2398 et
1063 2359 1152 2414 cerrus.

369 2438 511 2504 Diodotus,
539 2441 587 2494 teo.
615 2439 758 2510 iitrseiputo
783 2439 887 2492 diodoli.
909 2437 1073 2493 Gieritieutio
1103 2437 1153 2489 Do·

369 2533 437 2588 mini
459 2532 543 2587 nostri
566 2532 629 2586 iesu
652 2530 750 2586 Christi
762 2529 923 2599 resurgendo
942 2538 969 2582 et
987 2527 1156 2582 ascendendo

366 2624 500 2692 comptem
529 2632 580 2677 est.
606 2621 838 2676 Resurrectionem
865 2619 947 2689 ipsius·
975 2617 1081 2670 Poscitur
1104 2617 1157 2670 Do-

365 2715 465 2768 miuieu
491 2713 682 2768 celebravimus
698 2731 704 2765 ε
720 2711 902 2766 ascensionem
931 2709 1010 2763 imdie
1038 2708 1157 2762 celebru-

365 2822 435 2861 mus.
451 2806 547 2861 Festos
557 2805 632 2859 rumis
644 2806 701 2859 dies
711 2815 830 2874 uterque.
845 2802 905 2857 iden
915 2803 986 2855 enim
1000 2800 1154 2864 resurrexit,

366 2904 396 2951 ιιι
410 2897 485 2950 nouis
497 2898 647 2966 exeum'um
658 2895 860 2957 resurrectionis
874 2894 1025 2951 oseuderet
1037 2910 1044 2945 t
1056 2899 1082 2946 et
1097 2891 1156 2945 ideo

366 2987 496 3051 nserrrdit,
523 2996 551 3040 ut
569 3002 618 3041 nos
632 2986 748 3056 desuper
771 2994 931 3056 protegerem
947 2984 1080 3038 Habemus
1093 2998 1157 3053 ergo

368 3078 506 3132 {intruinum
528 3087 555 3132 et
576 3077 741 3133 Suirutorem
767 3087 886 3130 nostrum
908 3075 997 3129 iesum
1022 3075 1156 3129 Christum

367 3168 441 3237 urim
465 3168 623 3236 pendentem
645 3167 671 3220 in
687 3167 767 3237 tigno,
793 3181 862 3220 uune
884 3165 1020 3219 seuientem
1036 3166 1061 3217 iu
1076 3163 1155 3219 coeio.

368 3256 485 3312 Pretium
497 3268 615 3311 uostmm
625 3257 708 3320 dedit,
721 3272 781 3310 cum
794 3255 920 3325 oetrderet
934 3256 959 3308 iu
975 3256 1046 3324 liguo
1059 3271 1065 3307 :
1082 3255 1157 3308 cotii-

366 3347 406 3416 ιιι
417 3346 486 3416 quiid
501 3349 565 3401 emit
579 3365 586 3398 ε
601 3363 661 3400 cum
674 3346 750 3401 sedet
764 3346 789 3399 iu
802 3346 881 3400 eoeio.
897 3346 962 3400 Cum
977 3345 1047 3399 euim
1063 3360 1158 3400 omnes

366 3437 513 3507 wiiesserit,
534 3451 601 3506 curros
624 3437 714 3505 utique
728 3451 774 3502 uer
793 3444 911 3504 temnere
934 3436 1048 3505 mitiget,
1066 3436 1092 3490 in
1106 3435 1158 3491 duo

369 3530 498 3599 tmrtperris
511 3531 609 3591 ueniet,
629 3537 654 3582 et
668 3527 803 3596 quomodo
814 3528 940 3597 scriptum
953 3537 1003 3594 est,
1019 3527 1086 3582 dem
1101 3546 1156 3583 mo·

366 3619 475 3690 niseum
496 3620 574 3672 ueniet
588 3616 676 3690 (Prot.
700 3633 772 3678 xcix.
786 3616 821 3689 5)
838 3636 845 3672 :
862 3634 913 3671 uun
935 3619 1156 3688 quemadmodum

367 3712 493 3780 {trituritus
507 3711 578 3765 uenit
596 3710 724 3773 occuituS,
741 3708 786 3763 sed
802 3710 871 3764 sicut
892 3709 990 3764 dictum
1010 3719 1061 3776 est,
1076 3711 1158 3764 timui·

368 3801 457 3871 fertem
470 3799 607 3871 Occultum
620 3799 691 3854 errim
704 3799 842 3870 oportebat
856 3815 917 3855 emu
930 3801 1033 3864 venire,
1048 3811 1076 3853 nt
1087 3799 1158 3869 iudi-

368 3901 474 3948 ceretm
486 3910 493 3945 :
505 3891 658 3946 manifestus
669 3904 756 3947 nutem
768 3893 864 3956 reuiet,
880 3901 908 3945 ut
917 3891 1029 3962 judicet.
1045 3893 1072 3947 Si
1085 3897 1156 3948 enim

371 3983 444 4054 orius
458 3982 612 4038 tuouiiestus
633 3982 758 4046 uenisset,
773 3982 893 4051 judimre
915 3982 1083 4037 mutiiestum
1098 3985 1157 4054 quis

369 4073 498 4130 auderet?
513 4075 624 4155 erondo
644 4075 750 4145 quidem
773 4074 839 4130 dicit
855 4075 992 4144 spostolus
1005 4076 1111 4138 enutris,
1127 4078 1157 4132 Si

368 4168 437 4222 orum
458 4170 638 4239 conticuissent,
658 4178 785 4237 rimorum
801 4165 934 4221 Doutirmm
956 4167 1044 4238 yterio
1056 4169 1157 4236 crucili-

402 4321 411 4351 ¹
423 4319 578 4371 rtortaeenss
588 4326 628 4370 ιιι.
649 4333 697 4371 um
712 4319 795 4382 tanet,
813 4333 877 4372 moe
895 4333 988 4371 onmem
998 4326 1089 4374 terrum
1104 4336 1157 4375 nto·

367 4387 505 4493 ‘ragnerium
525 4444 549 4492 iu
567 4443 708 4493 Florieeensi
723 4443 806 4493 oodioe
826 4444 918 4493 auctior
928 4451 967 4494 ost
977 4443 1044 4495 hisee
1055 4447 1155 4497 uerbis:

372 4512 427 4568 ιριιι
435 4510 470 4555 est
480 4503 712 4575 sonctolcotiroiieuf
723 4504 776 4568 ipso
786 4510 876 4575 esttoto
885 4504 942 4555 orde
951 4504 1048 4568 diffuso.
1061 4515 1156 4570 remeet

337 4583 340 4586 ⁴
368 4572 553 4636 necteremur-r
560 4571 621 4636 mter
632 4565 733 4616 dromo.
748 4573 842 4636 uererer
852 4564 920 4615 titum
932 4565 1037 4625 decoeio,
1059 4576 1156 4632 propter

366 4639 443 4699 ru
456 4638 620 4739 uun
631 4626 1157 4752 rotomorum

366 4695 672 4822 dormiremus
683 4748 695 4800 ,ι
710 4748 794 4822 meiius
805 4749 917 4820 dimmtm
936 4763 962 4800 es
972 4703 1108 4813 prandeis
1119 4752 1156 4805 m·-

366 4822 425 4861 reur
435 4817 479 4861 :et
490 4820 610 4882 eoquens
624 4810 734 4880 uirtutem
752 4818 852 4882 serretur
868 4810 945 4862 souti
955 4813 1157 4875 umerumiortem

367 4870 394 4921 in
402 4885 450 4933 eos,
462 4878 485 4923 et
496 4879 562 4923 erues
573 4871 631 4922 metu
642 4879 720 4925 tester.
736 4871 801 4925 t‘dti
813 4882 841 4923 m
858 4872 1000 4932 termotern,
1012 4873 1055 4925 udi
1064 4877 1156 4929 οιιιιιιι

366 4945 431 4983 omn.
442 4943 468 4983 m
477 4932 618 4994 Jerusalem
632 4947 718 5004 perum
728 4939 771 4984 est.
782 4943 830 4984 nou
842 4939 933 4985 temtum
944 4933 1047 4999 pretium
1057 4934 1154 5000 dedisti,

365 4994 445 5046 uttree
452 4994 635 5046 immerentem.
651 5003 695 5046 me
705 4993 887 5047 retinemur
905 5001 1157 5058 ιιιιιιιιιιιιιιιιιιιιιι-

366 5054 414 5106 iem
424 5054 514 5107 nmritu'
531 5062 579 5107 ιιιο.
592 5066 620 5106 ιιι
629 5056 762 5108 Jerusalem
776 5063 799 5108 et
814 5062 862 5108 teto
873 5058 961 5108 Judoeo
971 5063 993 5107 et
1004 5059 1121 5122 snrrtorio,
1132 5069 1155 5112 et

367 5129 442 5182 uenire
455 5117 481 5189 iu
490 5115 550 5213 enee
566 5123 654 5191 terror.¹
664 5117 752 5189 territi
760 5118 793 5168 od
806 5117 866 5183 fines
883 5131 982 5188 :nuere
998 5120 1155 5190 romentioues

366 5191 414 5273 ''5²'‘
425 5176 919 5293 Ciro⁶⁰d¹iddiiddd⁶⁰¹uitiiii¹⁶
925 5186 973 5291 C·
983 5180 1155 5296 {tumtun

365 5253 447 5352 didio
454 5275 540 5370 ιιιιιᾳῖιι
551 5308 574 5352 et
585 5313 655 5376 sento
668 5301 700 5364 te,
714 5308 738 5353 et
748 5256 822 5366 udum
833 5302 858 5374 in
864 5279 1014 5368 detestemur.
1028 5303 1156 5374 eecteoon

364 5484 450 5556 sutrim
461 5485 545 5552 duffio.
563 5487 676 5538 Premdtt
687 5487 791 5557 itouuues
806 5494 886 5552 portes
902 5487 948 5539 srdr
964 5489 1076 5551 serentes
1087 5489 1117 5540 de
1130 5504 1156 5539 re

365 5545 455 5598 auena.
467 5557 546 5609 onore
556 5562 587 5612 er,
623 5561 669 5601 nm
678 5546 794 5608 uouere,
809 5549 872 5612 quod
883 5562 930 5600 uon
940 5563 968 5600 co
1009 5551 1157 5601 orueerrmt?

368 5615 470 5660 rtoecest
487 5608 492 5619 “
564 5561 822 5674 ,distractoris-stou,
839 5618 931 5670 rmtcte,
943 5617 967 5661 ιιι
996 5610 1042 5672 iri,
1054 5612 1156 5684 eutimii·

365 5681 408 5782 ‘it
418 5671 1156 5795 Cir'CdCdi'ii'd'dei‘iiCCitiididiti·

365 5743 394 5842 'et
407 5805 454 5842 uon
472 5795 504 5843 ott
521 5797 651 5858 nogmtino
667 5794 753 5853 etiem,
766 5795 811 5865 sed
821 5796 869 5846 ime
880 5795 941 5867 sorte
959 5796 1047 5846 adscito
1063 5811 1094 5847 cx
1105 5771 1157 5848 aliis

364 5855 525 5932 tractatibus:
540 5868 593 5904 nom
607 5855 691 5906 eudem
709 5868 790 5918 pomis
809 5864 918 5919 exceptis
937 5856 1051 5920 tegumur
1069 5859 1091 5908 in
1103 5873 1156 5908 ser·

368 5916 525 6031 mqngudfrido
535 5979 564 6030 ad
576 5979 636 6034 dues
647 5979 685 6029 eir.
699 5979 727 6027 ud
740 5993 763 6028 u.
777 5993 797 6028 r.
809 5988 826 6028 t.
845 5989 870 6030 et
881 5979 910 6029 nd
921 5988 968 6029 tm.
982 5987 1018 6028 ιι.
1032 5990 1081 6030 tur.
1102 5991 1155 6031 tm.

397 6038 435 6099 iu)
451 6038 520 6103 nuo,
532 6041 564 6091 de
576 6047 693 6104 'temore
707 6041 758 6103 ut,
773 6049 798 6092 rt
813 6041 843 6090 de
860 6042 963 6098 triremis
973 6043 1017 6097 ‘ott-

1036 611 1148 674 sttttto
1167 614 1291 675 Ci'ddli.

1934 622 2003 679 tito

1213 729 1307 802 sissent
1321 728 1344 801 (Ι
1360 728 1418 785 Cor.
1435 746 1462 792 n,
1474 729 1511 802 8).
1529 731 1581 788 Sed
1591 732 1613 786 si
1629 733 1671 788 itte
1682 748 1733 788 nou
1744 734 1919 803 occideretur,
1929 754 2001 792 mum

1212 835 1265 873 nun
1273 829 1430 899 moreretur.
1442 820 1609 891 Trepaeosuo
1619 822 1739 879 diabolus
1751 825 1836 880 rietus
1846 836 1897 882 est.
1908 829 2000 884 Exsul·

1212 910 1277 965 uruit
1291 911 1361 965 euim
1377 911 1507 980 diabulus,
1520 913 1626 983 qrrando
1638 915 1751 986 prinmm
1766 916 1901 972 nominem
1921 921 2001 974 sedu-

1211 1001 1295 1056 cendo
1308 1001 1403 1071 dejecit
1425 1003 1452 1058 in
1467 1015 1590 1060 mortem.
1605 1007 1761 1063 Seducendo
1782 1009 1895 1081 priunum
1915 1011 2002 1067 tronti·

1212 1108 1289 1158 rreru,
1314 1095 1410 1150 occidit
1424 1114 1430 1150 :
1445 1096 1589 1152 occidendo
1612 1099 1803 1167 rrnrissimum,
1826 1101 1939 1171 primum
1966 1102 2000 1158 de

1211 1183 1313 1254 laqueis
1340 1187 1463 1255 perdidit.
1496 1187 1575 1243 Ficta
1601 1198 1642 1244 est
1666 1205 1731 1262 ergo
1757 1192 1866 1248 victurio
1895 1194 1999 1248 Domini

1211 1279 1294 1333 nostri
1315 1279 1378 1335 iesu
1404 1281 1511 1349 Christi,
1532 1296 1593 1337 eum
1613 1285 1759 1338 resurrexit
1778 1292 1807 1339 et
1827 1285 1947 1341 aseendit
1970 1288 1995 1342 iu

1211 1371 1325 1437 corium
1339 1381 1367 1427 et
1381 1372 1517 1442 impletum
1532 1382 1573 1429 est
1590 1373 1660 1444 enred
1674 1374 1795 1443 audistis,
1809 1392 1870 1432 eum
1892 1378 1999 1448 Apum-

1210 1461 1292 1534 iypsis
1304 1463 1445 1534 ingeretur,
1464 1463 1528 1518 Vicit
1543 1463 1593 1519 Leo
1605 1466 1636 1520 de
1648 1466 1713 1519 tribu
1727 1464 1796 1520 dudo
1810 1467 1900 1540 (dom.
1917 1486 1943 1536 v,
1958 1470 1996 1541 5).

1211 1555 1269 1626 ipse
1279 1557 1320 1611 leo
1330 1557 1416 1613 dictus
1430 1566 1480 1624 est,
1495 1559 1539 1628 qui
1549 1574 1632 1629 eguus
1645 1560 1750 1615 occisus
1762 1570 1804 1619 ost
1816 1579 1824 1617 ι
1837 1562 1877 1616 ieo
1889 1573 1997 1632 urorum·

1211 1647 1402 1717 tortitudinem,
1425 1664 1509 1719 eguus
1523 1660 1630 1719 propter
1652 1650 1829 1706 innocentium
1850 1652 1917 1708 :leo
1937 1655 1998 1723 quio

1210 1741 1333 1808 inuictus,
1346 1757 1429 1812 ugnus
1443 1743 1503 1812 quio
1517 1753 1682 1799 mansuetus.
1697 1743 1731 1798 Ει
1752 1744 1808 1814 ipse
1824 1749 1914 1815 Agnus
1926 1746 1999 1801 ocei-

1209 1845 1254 1885 sus
1270 1840 1354 1886 morte
1366 1848 1414 1886 suu
1427 1831 1489 1886 uicit
1502 1831 1606 1887 leonem
1621 1833 1667 1903 qui
1678 1833 1772 1888 circuit
1781 1851 1905 1904 qrrnerens
1917 1853 1996 1907 quem

1209 1923 1328 1978 deuoret.
1353 1925 1441 1979 uterus
1455 1933 1497 1980 est
1514 1925 1586 1981 enirn
1606 1925 1726 1981 diabotus
1741 1927 1794 1993 leo,
1810 1925 1924 1993 feritate,
1946 1946 1998 1984 mm

1210 2015 1315 2071 uirtute.
1340 2016 1483 2084 Apostolus
1505 2016 1602 2087 quippe
1628 2017 1722 2072 Petrus
1746 2017 1803 2073 ait:
1826 2016 1935 2091 Vier'tore
1956 2037 1998 2073 eos

1209 2117 1305 2175 oportet
1327 2106 1447 2161 aduersus
1469 2108 1625 2174 tentationes,
1650 2110 1709 2180 qudo
1734 2109 1893 2164 oduermrim
1918 2121 1997 2165 uester

1208 2196 1322 2251 diodotus
1336 2197 1433 2263 circuit,
1449 2214 1562 2268 quorem
1574 2216 1647 2269 quem
1665 2199 1774 2254 deuoret.
1796 2200 1848 2256 Sed
1863 2200 1997 2271 quomodo

1208 2285 1311 2350 circuit,
1325 2286 1390 2342 dixit
1407 2306 1413 2342 :
1430 2288 1501 2343 Sicut
1517 2288 1554 2343 ieo
1568 2290 1669 2360 runicus
1682 2291 1780 2359 circuit,
1797 2308 1910 2362 qrrtereus
1924 2309 1996 2361 ortem

1208 2377 1306 2433 devoret
1321 2377 1350 2444 ti
1366 2377 1435 2432 i'etr.
1451 2396 1478 2443 v,
1491 2380 1537 2450 8).
1553 2380 1618 2450 Quis
1630 2397 1682 2435 uon
1696 2382 1842 2437 incurreret
1864 2384 1889 2435 in
1903 2382 1997 2438 dentes

1210 2471 1294 2526 ieonis
1307 2471 1396 2540 imjus,
1417 2471 1465 2525 uisi
1480 2471 1586 2527 uicisset
1599 2472 1653 2528 Leo
1668 2473 1701 2528 dc
1717 2474 1787 2529 tribu
1801 2473 1887 2528 dudo?
1900 2475 1996 2528 Contra

1209 2562 1312 2616 leonem
1327 2561 1379 2625 iet),
1394 2571 1484 2617 contro
1500 2563 1590 2632 lupum
1603 2579 1696 2633 agrius.
1713 2563 1863 2619 Exsuiuurit
1875 2563 1996 2620 diabolus

1190 2651 1314 2722 ‚quondo
1335 2661 1454 2707 tuortuus
1468 2663 1509 2708 est
1527 2653 1657 2720 Christus,
1677 2662 1704 2707 et
1722 2655 1777 2724 ipso
1799 2663 1885 2712 morte
1899 2655 1997 2710 Christi

1209 2752 1250 2799 est
1266 2743 1387 2798 diabolus
1412 2745 1495 2799 rictus
1515 2763 1521 2797 :
1543 2754 1666 2813 tunquam
1692 2746 1717 2798 iu
1742 2746 1886 2816 rmrscipuin
1908 2762 1996 2801 eseam

1208 2833 1320 2903 occepit.
1332 2833 1469 2890 Gmrdelrot
1481 2834 1514 2890 ud
1528 2846 1650 2901 mortem,
1663 2836 1738 2906 eleusi
1754 2837 1912 2906 praepositus
1924 2853 1996 2892 mor-

1209 2926 1253 2981 tis.
1276 2925 1316 2981 Ad
1329 2926 1398 2997 quod
1412 2927 1554 2998 gaudebat,
1577 2927 1638 2982 inde
1660 2928 1697 2983 ilii
1718 2937 1821 2983 tensum
1836 2938 1886 2983 est.
1902 2929 1996 2985 idusci-

1210 3016 1270 3086 puin
1284 3017 1393 3084 diaboii,
1404 3033 1471 3073 crux
1481 3018 1583 3074 Domini
1599 3035 1607 3073 :
1621 3034 1682 3074 eser
1695 3034 1746 3088 ιμιι
1760 3028 1911 3089 coneretur,
1925 3036 1998 3077 mors

1210 3107 1324 3162 Domini.
1339 3108 1373 3162 iit
1385 3123 1447 3165 eree
1461 3111 1576 3164 surrexit
1588 3109 1713 3164 Dominus
1726 3120 1816 3164 uester
1829 3110 1906 3166 iesus
1920 3110 1999 3167 Curi·

1209 3205 1276 3251 stus.
1301 3196 1349 3252 ttti
1374 3207 1415 3251 est
1429 3214 1500 3252 murs
1514 3215 1573 3267 qrtnr
1594 3200 1718 3268 pependit
1731 3201 1756 3252 in
1771 3201 1860 3269 ligno?
1886 3199 1934 3257 Uni
1956 3211 1998 3254 cst

1210 3285 1345 3341 insultatio
1366 3285 1539 3341 iudeorum?
1565 3286 1613 3343 Ubi
1639 3298 1680 3343 est
1703 3291 1799 3359 troitus
1823 3300 1848 3344 et
1874 3291 1996 3359 mmeritis

1210 3387 1289 3447 ceput
1302 3388 1363 3433 oute
1377 3395 1483 3435 erucem
1496 3380 1649 3450 agitantium
1662 3391 1688 3435 et
1701 3382 1854 3448 dicentium,
1877 3381 1907 3436 Si
1928 3381 1997 3451 fiiiru·

1210 3469 1315 3537 deiru,
1332 3470 1464 3526 deuerteret
1474 3470 1505 3525 de
1519 3487 1591 3538 eruce
1602 3470 1706 3542 (dordr.
1720 3488 1801 3534 xxru,
1814 3471 1879 3545 tm?
1892 3473 1925 3527 Et
1937 3473 1997 3543 piru

1210 3561 1281 3624 iecit,
1296 3577 1375 3631 runnu
1392 3562 1427 3615 itti
1444 3561 1593 3618 insrdtuudn
1614 3562 1763 3632 exigebant.
1779 3562 1843 3618 Pius
1863 3564 1933 3619 euim
1956 3575 1997 3620 ιιι

1209 3653 1243 3708 de
1276 3655 1399 3723 sepulcro
1425 3652 1580 3726 resurgere,
1616 3671 1694 3725 uttmu
1720 3655 1752 3709 de
1780 3656 1851 3725 liguo
1884 3657 1994 3715 desecu-

1209 3745 1283 3800 dere.

1244 3835 1271 3888 2.
1288 3835 1403 3888 Asceruio
1426 3834 1518 3899 Cirristi
1539 3834 1629 3904 uiuum
1647 3845 1738 3887 uostrre
1754 3837 1915 3890 occursionis.
1933 3836 1992 3890 duur

1210 3941 1273 3981 uero
1285 3936 1381 3996 utruuto
1397 3925 1478 3996 gioria
1494 3924 1615 3994 estquod
1629 3924 1747 3979 aseendit
1762 3926 1788 3979 iu
1802 3926 1911 3992 eoetorn,
1926 3928 1996 3996 qum

1209 4017 1282 4072 sedet
1301 4015 1334 4070 od
1349 4015 1485 4093 dexterum
1499 4014 1603 4070 Putris?
1618 4014 1671 4071 Sed
1686 4015 1736 4070 ime
1752 4016 1836 4072 oeulis
1857 4033 1909 4072 uon
1925 4019 1997 4073 ride·

1209 4106 1351 4178 musonio
1374 4121 1423 4161 nee
1446 4106 1603 4176 pendentem
1628 4106 1653 4160 iu
1676 4106 1746 4177 ligno
1766 4107 1995 4165 ridimus.Totum

1210 4198 1260 4254 hoe
1274 4198 1325 4255 ide
1335 4208 1466 4267 tenemus,
1477 4199 1560 4255 ocutis
1569 4199 1657 4255 cordis
1667 4200 1809 4255 iutuemur.
1822 4201 1994 4268 iiodieenim,

1209 4292 1277 4346 sicut
1291 4291 1412 4357 audistis,
1424 4290 1529 4360 iratres,
1543 4291 1672 4346 Dominus
1685 4301 1774 4347 noster
1785 4293 1862 4349 Jesus
1874 4294 1997 4352 Christus

1209 4381 1329 4436 ascendit
1343 4383 1368 4436 in
1383 4384 1478 4438 coeium
1489 4400 1496 4436 ε
1506 4381 1633 4438 escendat
1642 4399 1703 4437 cum
1714 4383 1758 4438 iiio
1768 4392 1795 4438 et
1805 4400 1852 4439 eor
1865 4397 1994 4441 uestrum.

1211 4471 1355 4527 dudimuus
1369 4472 1525 4543 Apostolum
1536 4472 1678 4540 dicentem,
1694 4472 1725 4529 Si
1730 4475 1930 4533 ,consurrexistis
1937 4494 1996 4532 euru

1210 4562 1390 4633 ciuiumque
1409 4579 1510 4617 sursum
1529 4573 1587 4617 mut
1608 4565 1720 4635 querite,
1733 4565 1775 4619 ubi
1792 4565 1906 4623 Cierium
1923 4568 1996 4623 estin

1209 4657 1311 4710 dextere
1324 4655 1371 4710 Dei
1383 4657 1556 4728 recenterque
1571 4674 1670 4712 sursum
1688 4668 1745 4713 ιιιιιι
1765 4660 1855 4730 sopite,
1868 4677 1918 4715 nou
1938 4677 1996 4732 quoe

1208 4765 1283 4818 super
1294 4758 1388 4802 terrum
1399 4747 1508 4820 (Colore.
1522 4764 1560 4817 m,
1575 4750 1619 4805 iet
1628 4749 1668 4815 2).
1681 4748 1755 4807 Sicut
1764 4752 1834 4807 euim
1845 4752 1889 4807 itte
1898 4769 1992 4808 oscen·

1208 4841 1264 4909 dit,
1282 4858 1330 4897 uec
1344 4843 1455 4898 recessit
1468 4858 1483 4895 o
1497 4842 1573 4896 roonis
1584 4860 1592 4898 ι
1604 4837 1643 4898 sie
1656 4860 1683 4899 et
1697 4860 1745 4898 uus
1758 4861 1818 4898 cum
1831 4844 1878 4900 itte
1892 4845 1927 4900 i'ei
1936 4844 1993 4917 jorn

1208 4949 1310 4998 sumus,
1321 4934 1442 5005 umrrrvis
1455 4934 1570 4989 neudum
1583 4934 1608 4987 iu
1620 4950 1731 5004 corpore
1742 4946 1834 4990 nostro
1848 4933 1945 4991 foetum
1959 4937 1994 4992 sit
2007 4974 2013 4985 ·

1208 5024 1278 5096 quod
1289 5025 1450 5094 promittitur
1459 5025 1544 5079 uobis.
1555 5023 1660 5092 ittejom
1669 5023 1846 5079 multatusest
1854 5032 1994 5094 supercoe-

1209 5115 1258 5171 ios.
1273 5115 1364 5185 Neque
1374 5115 1446 5170 enim
1460 5123 1598 5183 propterea
1613 5113 1689 5166 uotis
1700 5113 1865 5180 desperando
1878 5124 1919 5169 est
1933 5131 1993 5184 ocr-

1207 5207 1274 5260 iecto
1288 5204 1446 5275 euangelica
1462 5203 1579 5257 coelestis
1597 5202 1733 5268 imbitntio,
1747 5204 1808 5272 quin
1821 5204 1897 5268 dixit,
1912 5203 1994 5260 Nemo

1207 5296 1318 5352 escendit
1336 5297 1362 5349 iu
1383 5296 1483 5358 roeimu,
1501 5293 1551 5347 nisi
1570 5293 1613 5364 qui
1632 5293 1757 5347 deseendit
1779 5293 1896 5362 derceio,
1911 5293 1994 5349 rum

1208 5388 1316 5443 ireruirtir
1334 5387 1377 5457 md
1391 5395 1427 5438 est
1441 5385 1466 5437 in
1477 5383 1538 5437 ereio
1554 5382 1641 5454 (doun.
1659 5400 1697 5450 m,
1712 5385 1818 5455 i'o).Sed
1832 5386 1883 5441 imc
1895 5385 1993 5440 dictum
2077 5395 2079 5399 ’

1207 5493 1248 5536 e=t
1260 5488 1366 5550 propter
1378 5479 1516 5544 uuitotem,
1530 5494 1580 5548 eruo
1598 5488 1678 5548 raum
1701 5487 1820 5534 uosttmn
1840 5490 1891 5548 est,
1904 5490 1932 5535 et
1945 5497 1995 5537 uos

1207 5555 1306 5641 comus
1317 5569 1383 5640 ejus.
1398 5567 1463 5623 Cum
1477 5569 1596 5623 aseendit
1609 5569 1635 5622 in
1650 5568 1766 5637 eoeium,
1777 5585 1826 5625 uos
1837 5571 1870 5626 ub
1882 5571 1927 5626 iiio
1940 5588 1992 5627 uou

1208 5677 1371 5733 separamur.
1387 5660 1437 5728 Qui
1450 5661 1483 5715 de
1496 5660 1565 5715 eudo
1578 5659 1724 5723 deseendit,
1741 5677 1793 5715 nou
1807 5662 1882 5717 uobis
1895 5662 1995 5719 inridet

1208 5755 1303 5811 curium
1326 5773 1332 5810 :
1353 5755 1399 5810 sed
1421 5750 1534 5824 turudum
1557 5753 1636 5807 ruodo
1660 5753 1765 5820 ciuntut,
1794 5755 1910 5810 Membro
1935 5771 1995 5812 ntea

1209 5857 1304 5913 estote,
1334 5846 1356 5901 si
1379 5845 1523 5901 oscendere
1543 5845 1621 5899 mltis
1644 5844 1669 5899 iu
1691 5847 1799 5901 coeium.
1820 5846 1848 5901 Ιιι
1866 5848 1916 5902 Ιιοι·
1933 5865 1996 5919 ergo

1210 5940 1259 6010 ipsi
1274 5940 1378 5994 iuterim
1395 5939 1560 6003 roboremur,
1576 5939 1601 5991 iu
1617 5939 1666 5992 troc
1681 5943 1749 5992 rotis
1763 5941 1885 5996 omuibus
1898 5954 1995 5995 usuru-

1211 6048 1278 6086 nms.
1297 6031 1349 6086 ΙΙοι,1
1366 6031 1524 6090 meditemur
1536 6029 1562 6084 iu
1580 6030 1666 6097 terris,
1682 6030 1750 6101 quod
1773 6047 1868 6103 eempu
1880 6049 1955 6089 muur
1970 6050 2000 6088 m
