4759 6684
315 702 319 708 υ
364 612 433 678 tttt

313 778 317 789 ,
364 727 436 796 quud
451 726 497 780 liei
510 725 590 779 Filius
604 733 664 780 erat
684 721 793 793 equitis
810 719 898 786 Petri,
922 718 1036 774 Verbum
1060 719 1106 773 [lei
1126 719 1152 773 iu

367 816 499 886 prineipie
513 816 582 869 deus
594 814 663 884 epud
678 813 771 874 ileum,
787 819 813 866 et
826 810 852 864 iu
862 824 895 864 eo
907 809 978 879 quod
992 809 1060 863 lilius
1071 810 1156 863 homi·

368 913 409 967 uis
423 919 491 975 eret,
508 922 646 964 assumens
660 908 775 962 mimum
790 904 931 958 humanum
945 912 972 958 et
986 918 1092 958 earnem
1108 903 1154 958 iur-

367 1016 481 1058 mmnnu,
498 1011 525 1054 et
539 999 645 1052 indutus
664 997 817 1058 hominem,
839 994 934 1048 exieus
953 993 988 1047 ed
1012 993 1156 1047 homiues:

366 1092 428 1162 qn'm
442 1092 467 1144 in
482 1091 531 1143 hoe
546 1101 658 1159 utroque
669 1104 722 1142 non
736 1086 789 1141 duo
799 1085 892 1140 christi
907 1094 978 1148 sunt,
993 1098 1043 1137 nee
1057 1084 1110 1136 duo
1126 1081 1157 1136 ιι·

369 1183 396 1236 iii
411 1184 456 1237 liei
482 1181 528 1236 sed
544 1196 594 1233 utu
610 1194 741 1249 perenm,
765 1192 833 1231 unus
855 1176 978 1231 Christus
994 1174 1041 1229 liei
1063 1173 1158 1237 Filius,

370 1274 493 1342 idemque
507 1287 574 1325 unns
589 1272 729 1336 Christus,
752 1283 805 1323 non
819 1268 904 1332 eiius,
932 1266 1048 1319 huminis
1068 1264 1158 1330 iilius3

369 1363 416 1417 sed
434 1363 490 1423 liri,
505 1360 588 1415 Filius
598 1359 743 1414 secumdum
757 1356 938 1421 diuinitatem,
952 1353 1068 1409 heminis
1089 1352 1161 1407 lilius

371 1454 516 1509 seeundum
527 1468 647 1508 earnem.
660 1452 725 1518 Quis
736 1461 826 1505 sutem
840 1459 978 1512 uestrum,
998 1448 1044 1516 qui
1066 1461 1159 1517 perum

371 1544 544 1602 miserrimus,
557 1552 602 1595 etrt
617 1557 710 1611 purum
721 1541 854 1610 sapimus,
867 1553 920 1592 uon
933 1537 1019 1606 potius
1032 1537 1066 1589 itu
1078 1535 1162 1591 uellet

372 1635 545 1704 distinguere,
560 1632 642 1686 Filius
656 1632 702 1686 het
716 1632 742 1684 in
752 1629 837 1694 eoelo,
858 1637 886 1683 et
907 1627 990 1681 Filius
1007 1625 1122 1681 heminis
1136 1627 1162 1680 in

371 1725 465 1778 teu-nl
480 1723 532 1777 s‘nl
544 1738 576 1775 ne
586 1723 624 1775 sie
638 1719 834 1782 divideremus,
846 1724 874 1772 et
888 1718 923 1770 itu
937 1714 1078 1770 diuidendo
1096 1715 1163 1769 dues

373 1831 501 1888 personas
515 1815 716 1876 imlueeremus,
739 1810 800 1864 Non
820 1808 932 1863 uremdit
951 1808 979 1860 iu
996 1805 1102 1871 seium,
1121 1806 1164 1859 iu·

373 1907 441 1976 quit,
458 1906 506 1960 nisi
517 1906 559 1974 qui
572 1908 603 1957 de
621 1903 682 1957 coeto
695 1899 821 1955 descendit
835 1897 921 1952 Filius
940 1897 1058 1951 hominis.
1082 1894 1165 1948 Filius

373 2012 437 2067 ergo
455 1996 569 2050 hurninis
584 1993 721 2048 deseendit
735 1990 769 2045 de
782 1991 862 2045 ooele.
876 1987 971 2043 liouue
991 1987 1060 2040 inlitu
1078 1985 1165 2039 homi·

374 2090 416 2143 uis
429 2087 454 2139 iu
468 2095 538 2139 terre
550 2085 634 2139 iaetus
643 2082 704 2137 esti
719 2096 808 2135 trenno
821 2079 891 2133 lilius
905 2076 1020 2132 heminis
1043 2090 1090 2145 per
1109 2074 1165 2128 ile·

374 2177 441 2231 rium
456 2175 542 2229 luctus
553 2173 611 2228 est?
624 2171 716 2236 Sede
730 2171 822 2233 homo,
835 2168 900 2235 ιιυιι,
916 2166 1014 2234 iuquit,
1028 2178 1164 2232 seperare,

375 2282 453 2337 quem
466 2267 525 2319 rulo
540 2265 676 2334 repulere.
692 2261 788 2318 Parum
807 2268 849 2313 est
866 2258 928 2327 quie
946 2256 1029 2309 Filius
1048 2252 1163 2308 hominis

374 2358 512 2412 deseendit
527 2356 669 2426 (Christus
686 2354 758 2408 enim
774 2349 932 2414 deseendit,
951 2347 1076 2415 idemque
1097 2344 1166 2399 lulius

376 2446 491 2501 hominis
505 2446 550 2515 qui
565 2443 647 2498 Filius
663 2443 708 2497 ttet
718 2442 770 2510 est)
779 2458 788 2505 ;
802 2440 879 2495 sedet
892 2439 919 2493 iu
940 2437 1023 2500 toeio,
1039 2437 1083 2505 qui
1110 2449 1167 2487 aru.-

375 2536 450 2591 hrrlot
462 2537 489 2590 iu
501 2545 582 2589 terre.
600 2532 626 2586 ln
641 2532 710 2586 melo
720 2539 788 2591 eret,
801 2530 863 2599 quie
878 2529 974 2596 uhtque
986 2525 1165 2590 estChristus,

376 2629 500 2696 idemque
512 2625 635 2681 Christus
653 2632 695 2679 est
704 2631 732 2677 et
745 2620 764 2675 F
768 2622 827 2675 iiius
843 2620 889 2674 liei
908 2628 936 2672 et
951 2618 1020 2671 lilius
1041 2617 1165 2670 heminis.

376 2718 488 2786 Propter
499 2717 627 2773 unitatem
642 2727 762 2783 persuum
776 2712 802 2764 iu
813 2721 883 2765 terre
897 2707 979 2762 Filius
992 2707 1049 2768 liei,
1062 2715 1168 2773 prnrpter

376 2811 497 2865 eumdem
511 2810 639 2863 unitatem
651 2819 773 2876 personne
785 2817 845 2857 esse
863 2798 1032 2871 probet-imus
1054 2799 1080 2851 in
1101 2799 1169 2853 cetu

377 2902 460 2957 liliuru
475 2898 601 2961 humulis,
612 2912 647 2952 er
661 2893 800 2949 historiis
814 2891 915 2945 ltorrtiui
929 2931 937 2956 ,
954 2888 1035 2942 lilius
1051 2888 1167 2953 turrinus,

378 2993 478 3063 iuquit,
493 2990 535 3061 qni
549 2999 585 3042 est
603 2989 630 3042 iu
649 2987 722 3040 culo.
752 2985 864 3053 Propter
882 2983 1008 3038 unitatem
1034 2995 1165 3049 persuum,

378 3096 465 3136 uertue
479 3080 505 3133 iu
521 3088 592 3132 terro
603 3077 749 3133 eturstituto
761 3084 840 3142 utrque
852 3074 997 3142 euupieno
1017 3070 1112 3125 Petrus
1129 3069 1169 3123 di·

377 3174 423 3230 cit,
439 3172 475 3225 i'u
486 3188 512 3225 er
525 3171 639 3226 Christus
653 3165 736 3222 Filius
747 3166 792 3219 dei
803 3164 851 3218 ntur·
867 3163 980 3227 (ilnttlr.
997 3177 1053 3225 xm,
1069 3162 1135 3231 titt

400 3240 460 3317 xill.
472 3260 506 3315 iu
517 3261 609 3315 retum
622 3259 693 3314 tolus
706 3257 822 3315 Christus
842 3255 964 3310 escendit.
983 3252 1078 3307 Citristi
1092 3268 1170 3305 mem·

378 3354 424 3407 ira
435 3353 583 3420 cumcupite
603 3365 668 3404 unus
683 3347 805 3403 Christus.
829 3346 900 3415 Ergo
919 3345 1003 3398 discut
1014 3342 1171 3398 Nieedernus

379 3443 512 3513 quomode
524 3442 569 3497 lint
583 3440 659 3508 iilud,
674 3437 744 3508 quod
759 3437 785 3509 qi
799 3437 887 3491 minus
898 3434 1066 3504 intelligenti,
1084 3435 1171 3487 inere-

380 3535 462 3588 dihile
473 3541 500 3587 et
513 3531 590 3601 qumi
604 3529 767 3599 impossihile
780 3527 918 3583 ridehrtur
938 3544 945 3580 :
959 3524 1043 3581 Neruo
1062 3526 1172 3580 ascendit

380 3627 408 3680 in
422 3625 527 3689 celum,
540 3623 591 3676 ruisi
604 3621 648 3692 qui
665 3621 696 3675 de
705 3621 766 3674 corio
781 3618 919 3674 ducerrdit.

415 3715 528 3774 Chi’il'i
547 3713 734 3770 li.-0mues
746 3722 834 3768 autem
854 3711 899 3783 qui
918 3719 1103 3774 renaseuntur,
1116 3708 1170 3763 nti·

381 3822 435 3880 que
449 3804 597 3861 escendunt
607 3806 633 3859 iu
648 3804 746 3860 otelnm
763 3810 940 3859 :eaeterumru
954 3814 1033 3853 neure
1051 3812 1169 3866 prorsus.

385 3902 521 3955 litomnes
531 3897 577 3967 qui
590 3904 774 3960 renaseuntur,
786 3892 953 3962 pergratiam
969 3890 1014 3943 liei
1028 3886 1175 3941 useerrdunt

383 3989 411 4045 iu
430 3989 528 4045 coelum
549 4004 556 4041 ι
575 3996 602 4041 et
621 4001 693 4039 uento
713 3983 825 4038 emutuit
842 3982 869 4034 in
888 3980 992 4046 cretum,
1013 3979 1060 4033 nisi
1080 3979 1123 4050 qui
1144 3979 1175 4031 de

382 4082 445 4137 roelo
457 4078 601 4141 descendit,
617 4075 703 4129 Filius
722 4073 830 4128 lerninis
848 4072 936 4143 quiert
956 4071 983 4125 iu
1004 4070 1075 4125 coeio.
1099 4069 1175 4125 Unde

381 4169 453 4225 hoe?
479 4168 544 4234 Quia
565 4163 722 4233 omnesqui
742 4169 926 4226 renaseuntur,
953 4160 1074 4214 memhrs
1092 4159 1175 4228 ipsius

383 4260 465 4325 iiuut;
490 4267 517 4312 et
536 4257 608 4311 sulus
631 4254 752 4311 Christus
775 4251 810 4307 de
834 4250 915 4305 ilaris
941 4258 1018 4304 tutus
1038 4263 1107 4304 uuus
1129 4257 1171 4303 est

383 4350 515 4416 Christus,
529 4357 557 4405 et
569 4362 630 4403 eum
643 4359 757 4417 corpore
767 4359 816 4399 suo
826 4352 905 4412 eaput
915 4357 981 4397 uirus
991 4351 1033 4396 est
1042 4340 1174 4396 Christus.

385 4443 441 4499 ileo
451 4456 514 4511 erqo
524 4439 614 4493 dicere
624 4437 718 4503 voluit,
730 4435 814 4490 Nemo
824 4434 947 4499 aseendit,
959 4433 1008 4487 nisi
1018 4433 1061 4502 qui
1072 4432 1175 4487 descen·

384 4532 432 4585 dit.
446 4529 505 4585 lion
520 4526 730 4598 erqouseendit,
746 4524 798 4579 nisi
818 4522 947 4582 Christus
969 4521 998 4577 st
1021 4523 1060 4578 ris
1083 4535 1177 4577 aseen-

385 4620 467 4683 dere,
480 4629 539 4674 este
552 4619 578 4672 in
592 4631 706 4685 eorpore
717 4615 816 4671 Christi
831 4632 838 4670 ι
852 4613 876 4669 si
889 4613 929 4668 vis
942 4613 1103 4679 escendere,
1118 4622 1177 4671 esto

387 4709 535 4765 membrum
554 4707 665 4763 Christi.
694 4705 767 4762 Sicut
782 4707 849 4761 euim
861 4706 889 4760 iu
903 4721 953 4759 uuo
971 4720 1076 4775 corpore
1096 4705 1178 4759 muita

387 4804 497 4857 mentire
509 4801 639 4866 hebemus,
650 4800 735 4854 omniu
750 4809 833 4854 eutem
846 4797 956 4852 membro
973 4797 1103 4868 corporis,
1118 4812 1177 4850 rum

386 4893 437 4948 sint
449 4891 539 4956 nutu,
554 4904 633 4945 enum
648 4897 682 4943 eet
695 4903 803 4958 carpum
814 4890 850 4941 ric
861 4896 883 4941 et
896 4887 1011 4943 Christus
1023 4886 1046 4958 (Ι
1057 4884 1115 4943 Cor.
1128 4901 1176 4953 ru,

389 4982 434 5051 ιι)
448 4998 455 5034 r
470 4980 531 5051 quie
546 4986 626 5051 mput
637 4986 664 5034 et
675 4992 772 5047 cerpus
790 4977 922 5033 Christus.
945 4979 979 5033 Et
994 4975 1127 5049 quomodo
1150 4976 1179 5031 tlt

379 5072 450 5135 hee,
466 5071 725 5141 edlrnequurumus.
743 5069 818 5123 Latet
839 5068 961 5139 questio,
983 5068 1113 5123 exaltatur
1134 5066 1178 5120 illo

389 5161 565 5235 profunditas.

425 5252 469 5307 li.
485 5251 617 5319 Quomodo
641 5249 735 5305 Christi
767 5249 878 5306 urrmhra
901 5248 1030 5319 efficimur.
1058 5247 1136 5305 Fides
1153 5250 1181 5303 iu

391 5343 520 5399 Christum
539 5343 680 5399 nuestus
704 5342 872 5397 adsalutem.
896 5340 1018 5397 Christus
1044 5352 1179 5412 peecatum

389 5450 442 5489 nou
459 5435 548 5502 ltrhet,
564 5449 613 5490 nee
628 5434 756 5504 originale
770 5434 869 5499 trusit,
892 5448 942 5489 nee
961 5448 1038 5489 suurn
1056 5433 1177 5491 addidit:

384 5538 465 5581 extra
476 5525 638 5596 uoluptatem
649 5524 762 5579 ournnlis
772 5522 890 5579 lihidinis
904 5523 975 5579 verrit
987 5564 994 5588 ,
1006 5538 1058 5579 uon
1076 5522 1111 5578 ibi
1134 5523 1181 5581 iuit

389 5616 546 5684 complexus
567 5615 721 5671 muritulis:
742 5615 777 5672 de
799 5613 916 5684 Virginis
939 5630 1051 5685 empore
1069 5630 1122 5671 non
1138 5630 1181 5671 es·

389 5708 503 5776 sumpsit
528 5705 641 5773 ruluns,
665 5706 711 5762 sed
731 5704 968 5773 medicamentunn
999 5722 1051 5763 uon
1078 5722 1182 5763 essum·

391 5799 443 5867 psit
457 5795 527 5866 qnod
542 5805 666 5862 sanaret,
688 5797 735 5853 sed
755 5797 825 5857 uude
841 5808 948 5855 sanaret
969 5816 974 5851 :
995 5808 1122 5869 qnantum
1148 5801 1182 5856 ml

390 5897 528 5955 petentum
543 5889 668 5958 pertinet,
683 5887 754 5943 dieo.
768 5888 847 5944 Solus
859 5905 924 5960 erqo
939 5891 983 5946 ille
993 5891 1051 5947 sine
1061 5904 1180 5963 peceato:

389 5979 525 6044 qrrrnumlu
538 5988 615 6037 ournt
628 5971 746 6035 membru
760 5980 828 6052 ejus,
842 5995 954 6053 qnorum
970 5981 1058 6039 utdhrs
1069 5993 1110 6039 est
1124 5985 1182 6039 siue

1060 609 1174 666 sulttttr
1191 609 1324 667 ccxctt.

1926 611 1996 668 ihi!

1210 721 1336 792 peceato?
1353 720 1510 787 Quomodo?
1521 721 1591 775 hedi
1610 720 1810 776 similitudinem
1830 737 1890 792 quse
1907 724 1982 794 sequi

1210 820 1253 867 tur
1267 830 1273 865 :
1291 809 1325 864 Et
1336 812 1402 865 sieut
1415 809 1516 881 iioqrer
1528 812 1648 865 esaltorit
1663 821 1802 882 serpentem
1811 811 1838 865 iu
1847 828 1939 878 aeno,
1959 820 1996 869 ete

1211 910 1307 970 oportet
1319 901 1426 955 ereltori
1441 900 1464 954 F
1465 902 1537 955 ilium
1550 900 1677 966 hominis,
1693 910 1720 954 ot
1731 900 1812 955 omnir
1823 901 1867 970 qui
1884 902 1962 955 credit
1971 905 1998 957 in

1211 1006 1279 1056 etur,
1293 1008 1342 1045 non
1355 1000 1448 1060 pereet,
1459 992 1503 1045 red
1514 992 1605 1045 hadent
1614 993 1691 1045 eitum
1706 1000 1825 1045 eternum
1850 989 1943 1061 (donn.
1958 1007 1996 1059 tu,

1211 1083 1256 1146 li,
1272 1083 1327 1150 tt).
1344 1082 1421 1138 Uude
1433 1084 1479 1138 tihi
1495 1100 1546 1137 non
1560 1083 1698 1138 ridebatur
1712 1093 1865 1153 peemtures
1878 1082 2000 1139 homines

1211 1187 1290 1241 posse
1304 1173 1361 1227 lieri
1374 1174 1491 1228 membre
1506 1174 1622 1239 Christi,
1637 1174 1713 1250 idest
1724 1214 1731 1236 ,
1742 1173 1812 1227 illius
1831 1174 1876 1242 qui
1898 1173 1999 1227 nullum

1212 1265 1321 1319 omniuo
1340 1265 1449 1320 traheret
1473 1266 1627 1334 meretum?
1648 1264 1783 1334 Serpentis
1799 1278 1890 1319 morsu
1911 1279 2001 1318 nuere·

1213 1352 1286 1409 haris
1301 1370 1308 1407 ε
1324 1355 1384 1410 ideo
1392 1356 1556 1425 crucifigitur
1565 1355 1701 1423 Christus,
1716 1355 1776 1411 ideo
1789 1355 1875 1411 lundit
1892 1356 2001 1425 seuqui-

1214 1459 1275 1498 netu
1285 1444 1406 1500 Christus
1420 1448 1447 1501 iu
1463 1447 1646 1502 remissionem
1658 1455 1845 1516 peccatorum
1860 1446 1922 1515 quie
1940 1461 2002 1515 pro·

1214 1543 1275 1603 pter
1287 1543 1434 1603 pecentmu,
1449 1538 1474 1590 id
1489 1546 1540 1601 est,
1552 1537 1683 1607 serpentis
1695 1552 1836 1600 uenenum,
1848 1536 1920 1592 Sicut
1931 1537 2003 1591 eent-

1215 1624 1275 1677 terit
1285 1622 1387 1694 tropaei
1398 1637 1538 1698 serpentem
1552 1627 1578 1681 in
1592 1642 1685 1694 eremo,
1701 1627 1770 1682 uude
1786 1636 1943 1683 &narentur
1957 1628 2002 1696 qui

1216 1711 1243 1766 iu
1255 1713 1300 1766 illo
1317 1714 1424 1770 deserto
1442 1717 1639 1786 eserperrtihus
1652 1717 1857 1785 mordebantur,
1878 1728 1905 1773 et
1928 1718 2001 1772 illum

1216 1803 1359 1857 exaltatum
1374 1805 1511 1861 attendere
1521 1807 1692 1875 jubebuntur,
1707 1818 1734 1862 et
1751 1809 1870 1879 quisquis
1884 1808 2004 1863 attende-

1217 1902 1269 1957 ret,
1281 1897 1437 1962 stutbatur3
1452 1898 1488 1951 eie
1502 1909 1599 1967 oportet
1611 1899 1717 1954 mitari
1729 1898 1753 1953 F
1754 1901 1825 1954 iilum
1837 1901 1954 1964 hominis,
1976 1910 2004 1953 ut

1217 1987 1298 2039 omnir
1308 1989 1351 2053 qui
1363 1988 1442 2042 eredit
1451 1989 1477 2043 in
1487 2006 1553 2054 esur,
1567 1989 1654 2054 idest,
1669 1991 1714 2060 qui
1727 1990 1839 2046 attendit
1850 1993 2003 2055 esultttum,

1219 2077 1264 2145 qui
1276 2092 1328 2130 non
1339 2079 1473 2133 erubescit
1482 2080 1648 2146 eruciiixum,
1660 2083 1705 2150 qui
1716 2082 1742 2136 iu
1752 2097 1831 2137 errice
1844 2082 1941 2137 Christi
1952 2083 2006 2151 qlo-

1218 2167 1311 2233 rirtur,
1320 2184 1370 2221 uon
1381 2178 1474 2237 pereat,
1488 2170 1532 2223 red
1542 2171 1634 2225 haheat
1647 2173 1724 2225 ritum
1737 2183 1865 2226 eternam.
1874 2171 1934 2226 Nou
1945 2190 2005 2242 per·

1218 2268 1267 2320 eot,
1282 2260 1372 2313 nude?
1396 2259 1536 2315 Credeudo
1549 2261 1575 2314 iu
1590 2277 1661 2316 eum.
1674 2262 1749 2318 Unde
1763 2278 1815 2317 nen
1832 2264 1941 2331 peremi
1957 2268 2006 2316 ht·

1219 2348 1352 2404 tendendo
1361 2351 1647 2420 exultatumrnlioquin
1658 2355 1779 2420 uerisset.
1795 2352 1851 2407 llne
1868 2362 1908 2407 est
1918 2352 2004 2415 euim,

1220 2437 1309 2491 Ornuis
1321 2439 1363 2507 qui
1375 2440 1454 2493 credit
1470 2440 1496 2492 iu
1508 2455 1565 2493 eum
1576 2481 1583 2507 ,
1596 2458 1645 2494 nou
1660 2432 1744 2510 pereat
1756 2484 1763 2507 ,
1777 2443 1820 2496 red
1831 2443 1919 2497 lruient
1932 2444 2007 2495 ritum

1219 2536 1348 2582 teteruout.
1646 2549 1648 2552 ’

1254 2617 1366 2674 curet
1384 2619 1478 2674 x1.-
1492 2619 1535 2675 ιθ.
1550 2618 1668 2674 Purrnlis
1688 2621 1771 2674 olieno
1789 2624 1856 2691 [ecto
1875 2596 2009 2675 rulrrerutit

1220 2709 1303 2763 oiieuo
1314 2709 1365 2778 fide
1379 2711 1531 2764 srrbrenilur.
1548 2711 1656 2765 Proi'ers
1667 2712 1803 2778 paruulum
1819 2711 1894 2774 mihi,
1918 2722 1945 2766 et
1967 2712 2010 2780 ju-

1222 2798 1268 2853 hes
1279 2810 1306 2852 nt
1316 2799 1435 2865 attendet
1449 2801 1607 2863 (uallatum,
1625 2817 1703 2869 quem
1725 2815 1806 2871 neges
1832 2802 1930 2857 hebere
1950 2816 2009 2856 ser-

1223 2890 1308 2958 pentis
1320 2906 1460 2945 venenum.
1475 2891 1529 2944 hnu
1543 2892 1565 2944 si
1590 2892 1661 2945 luins
1675 2893 1717 2954 ei,
1738 2893 1760 2946 si
1782 2901 1871 2947 rrtovet
1888 2903 1914 2947 te
1932 2893 2009 2946 inne·
2104 2876 2107 2883 ¹

1221 2981 1307 3034 euntia
1322 2981 1346 3033 iu
1361 2982 1412 3034 vitu
1428 2981 1550 3050 propriu,
1563 2982 1616 3035 rudi
1637 2997 1733 3053 uegure
1755 2991 1866 3037 tractum
1895 2983 2009 3051 aliquem

1222 3081 1324 3126 rentum
1337 3071 1369 3127 de
1383 3073 1433 3125 ritu
1449 3072 1543 3140 prium,
1553 3087 1605 3126 nou
1615 3080 1672 3139 sud,
1684 3075 1730 3128 sed
1745 3076 1862 3143 purentis
1871 3076 1910 3129 sui
1921 3075 2009 3145 primi.

1222 3161 1279 3216 liuli
1294 3178 1408 3231 nepum
1423 3164 1551 3217 errrrhtere
1563 3179 1704 3228 terrenum,
1728 3175 1756 3218 ut
1778 3179 1872 3233 puseus
1893 3166 2010 3220 medicu-

1223 3263 1341 3310 mentum
1360 3254 1456 3308 :aliter
1468 3270 1520 3309 non
1534 3265 1651 3311 senetur.
1666 3259 1719 3310 Aut
1738 3256 1829 3326 utquid
1853 3257 1878 3312 ei
1896 3257 1962 3313 dieis
1984 3238 2029 3314 ιη’

1223 3347 1312 3403 eredat
1325 3346 1403 3399 illue
1416 3346 1487 3401 onim
1505 3347 1678 3415 respondetur
1690 3364 1704 3400 a
1721 3358 1841 3418 portante
1861 3351 2010 3418 pertulum.

1224 3439 1263 3493 hd
1277 3440 1356 3493 rer-hu
1369 3439 1454 3493 alienu
1466 3449 1585 3504 satiatur,
1601 3441 1661 3508 quin
1674 3440 1707 3494 ud
1719 3440 1816 3495 laetum
1825 3442 1939 3497 alienum
1953 3445 2012 3497 rul-

1226 3542 1342 3585 nerutnr.
1360 3530 1451 3584 Credit
1464 3531 1489 3584 iu
1500 3529 1590 3584 iesum
1605 3530 1763 3586 Christum?
1778 3533 1807 3587 ht
1820 3534 1991 3605 interrogatio
2004 3553 2011 3590 ε

1225 3619 1411 3690 respnrdetur,
1426 3621 1525 3674 ttredit.
1540 3621 1659 3703 Propon
1677 3622 1817 3691 loquente,
1838 3640 1885 3692 pro
1906 3626 2012 3691 silente,

1226 3711 1381 3779 protleute,
1398 3718 1425 3764 et
1442 3708 1531 3764 llerrdo
1550 3710 1664 3781 quedem
1684 3710 1763 3766 modo
1786 3720 1816 3766 ut
1840 3715 2014 3771 subvenietur

1226 3812 1330 3864 orente,
1343 3797 1529 3871 respondetur,
1544 3811 1571 3857 et
1585 3802 1665 3856 velet.
1678 3805 1717 3857 hu
1733 3805 1812 3859 etimn
1832 3804 1883 3861 hoe
1903 3822 2013 3877 serpeus

1226 3891 1270 3946 ille
1282 3892 1441 3960 persuadere
1450 3900 1571 3956 conatur,
1582 3893 1642 3962 quie
1652 3908 1704 3947 nen
1718 3894 1806 3949 valeti
1817 3896 1892 3950 dhsit
1901 3912 1914 3949 o
1924 3897 2013 3952 eordi-

1226 3980 1277 4036 bus
1286 3982 1517 4051 qualiumcumque
1536 3982 1758 4038 Christianorum.
1778 3985 1849 4055 Ergo
1865 3989 2013 4056 responde·

1228 4080 1279 4137 tur,
1291 4080 1318 4127 et
1329 4072 1407 4126 valet.
1419 4072 1619 4141 Cmrspirutioue
1628 4073 1740 4143 quedem
1751 4078 2013 4148 communicatspiri·

1228 4173 1285 4229 tus;
1299 4163 1383 4218 eredit
1393 4163 1419 4217 in
1431 4163 1525 4231 alteru,
1536 4165 1597 4234 quia
1608 4166 1727 4234 pest-erit
1739 4166 1765 4220 iu
1785 4166 1878 4222 altero.
1899 4169 1940 4222 hu
1950 4185 2015 4225 rere

1227 4254 1329 4309 invenit
1341 4254 1422 4308 ritum
1439 4256 1577 4324 presentis
1593 4257 1699 4323 seculi,
1719 4272 1798 4326 quern
1817 4259 1956 4328 parturivit
1976 4260 2015 4315 iu-

1229 4348 1355 4412 liruritus;
1371 4356 1399 4402 et
1411 4362 1463 4401 uuu
1483 4348 1583 4403 inuenit
1602 4347 1682 4402 uitem
1702 4347 1783 4403 iuturi
1807 4352 1914 4420 seculi,
1936 4368 2015 4422 quem

1228 4438 1367 4509 parturivit
1377 4437 1511 4496 charites?

1266 4531 1309 4584 ts.
1329 4528 1441 4600 Serpens
1454 4547 1534 4584 urens
1555 4531 1679 4587 exaltatus
1691 4532 1774 4603 liquere
1790 4533 1882 4589 Christi
1902 4538 2016 4605 cmcifiri

1229 4620 1433 4675 insimilitudine
1445 4621 1530 4675 corrue
1543 4622 1648 4692 peccori.
1663 4623 1733 4694 Ergo
1743 4625 1812 4681 sicut
1829 4625 1933 4696 lloyses
1946 4629 2015 4681 exal·

1232 4710 1296 4764 terit
1306 4720 1458 4781 serpentem
1470 4711 1495 4764 iu
1507 4726 1607 4774 eremo,
1623 4720 1651 4766 ut
1672 4714 1785 4767 ornuisa
1807 4724 1931 4786 serpente
1956 4732 2013 4786 per·

1230 4816 1325 4857 cussus
1338 4803 1485 4859 intueretur
1499 4805 1661 4869 exaltatum,
1675 4814 1703 4860 et
1712 4818 1851 4862 satiaretur
1864 4826 1871 4862 ε
1885 4809 1924 4864 sie
1936 4825 2017 4879 npnr-

1231 4895 1281 4948 tuit
1297 4894 1407 4979 exultari
1431 4894 1525 4949 Filium
1552 4895 1675 4963 intruiuis,
1700 4906 1728 4951 ut
1748 4899 1835 4954 omnis
1855 4916 1870 4954 e
1895 4910 2019 4970 serpente

1231 4992 1379 5039 venenatus
1390 4985 1523 5039 intueatur
1536 4985 1691 5053 exaltatum,
1702 4996 1730 5042 et
1742 4998 1860 5045 senetur.
1872 4991 1955 5044 hdmn
1968 4994 2019 5058 pri-

1232 5088 1292 5127 mus
1302 5074 1405 5144 aceepit
1416 5089 1533 5128 mersum
1544 5077 1676 5144 serpentis
1687 5092 1747 5130 euru
1762 5093 1875 5133 ueneno.
1887 5080 1957 5149 Ergo
1974 5096 2021 5133 un·

1232 5173 1276 5218 tus
1286 5165 1311 5218 iu
1326 5180 1406 5220 earne
1420 5166 1531 5233 peceati,
1548 5165 1577 5218 lit
1586 5165 1675 5220 sulvus
1686 5166 1712 5220 in
1726 5166 1831 5221 Christo
1842 5183 1891 5238 per
1900 5169 2021 5223 siruilitu-

1232 5253 1322 5313 dinem
1337 5254 1424 5309 caruis
1438 5254 1547 5322 peeeuti.

1267 5343 1381 5403 CAPUT
1399 5345 1456 5401 xtl.
1468 5376 1503 5387 -
1516 5345 1587 5401 tttut
1601 5349 1671 5403 ertitu
1685 5348 1754 5404 liene
1768 5348 1863 5405 Filium
1872 5369 1955 5417 suurn,
1968 5370 2020 5407 unu

1235 5438 1261 5497 iu
1272 5438 1482 5506 eornepeeeuti;
1498 5438 1773 5509 sed,sieutsequitur
1785 5442 1830 5511 qui
1851 5443 1974 5511 scripsit,
1996 5430 2020 5496 in

1232 5529 1491 5593 erirriiitndinecnmir
1504 5532 1620 5600 percum
1634 5530 1695 5601 quie
1709 5548 1760 5587 neu
1774 5533 1808 5588 de
1817 5535 1956 5602 complexu
1966 5554 2021 5591 ritr-

1234 5619 1315 5686 rituti,
1330 5620 1375 5674 sed
1392 5619 1426 5675 de
1440 5629 1516 5676 utero
1526 5622 1657 5693 virginati.
1674 5620 1745 5677 ltutt
1755 5625 1782 5677 iu
1793 5625 1957 5680 similitudine
1966 5642 2022 5678 cor·

1234 5712 1273 5764 uis
1287 5712 1401 5781 peccati:
1414 5713 1503 5783 utquid
1519 5714 1586 5769 heci
1600 5712 1634 5769 iit
1644 5714 1676 5769 de
1685 5724 1785 5785 percute
1794 5716 1924 5770 damnaret
1939 5735 2022 5788 peccu-

1236 5812 1289 5857 tuut
1298 5803 1325 5857 iu
1336 5819 1412 5863 corne
1425 5804 1513 5875 (Rern.
1526 5820 1580 5870 rtur,
1597 5807 1625 5877 d)
1638 5823 1644 5858 :
1657 5806 1691 5861 de
1706 5815 1814 5876 peccato
1827 5819 1973 5877 promtum,
1988 5810 2022 5864 de

1235 5902 1358 5963 serpente
1371 5902 1532 5962 serpentem.
1545 5895 1609 5960 Quis
1629 5895 1709 5951 errim-
1720 5895 1823 5951 duhitet
1839 5900 1944 5954 nornine
1966 5916 2022 5955 ser·

1238 5986 1323 6053 qumis
1337 5988 1461 6057 appellor-i
1476 5986 1630 6056 precntum?
1653 5986 1723 6058 Ergo
1741 5986 1774 6043 de
1798 6001 1904 6056 mserum
1927 6005 2020 6057 pereu-
