4759 6684
378 546 436 609 m

379 659 490 736 iurare?
503 660 602 730 iturum
616 667 657 714 est
669 657 721 713 inoe
730 657 838 713 dicere¹
856 672 863 708 :
877 661 905 710 et
916 651 1042 725 qnoniam
1054 652 1170 708 diximus

376 750 467 813 ileum
478 753 594 823 iurasse,
610 764 689 821 quom
699 748 884 819 blasphemum
891 754 932 801 est
945 747 994 800 ltoe
1004 743 1111 801 dicere?
1123 742 1171 798 iu-

376 855 425 913 rnt
437 845 508 901 iietts
522 843 567 914 qn
578 851 716 913 prosatum
727 854 780 894 non
795 837 875 893 habet
889 852 897 890 t
913 849 967 891 non
981 848 1045 905 ergo
1053 840 1096 889 est
1109 846 1172 904 pee-

375 946 470 997 eatttut
479 936 587 1009 jur-nm
601 933 649 990 sed
663 931 891 1003 nossispeeeatum
905 937 947 984 est
956 927 1089 998 pejerare.
1104 923 1172 1028 lipr-

375 1036 453 1089 tstse
466 1025 610 1100 quisdicat
632 1038 686 1079 non
701 1037 761 1078 esse
773 1017 976 1091 pmponendum
1003 1015 1038 1072 tie
1059 1015 1173 1116 iiomtpo

378 1123 437 1181 heo
446 1117 588 1193 jurationis
597 1113 758 1185 exemplum.
776 1112 846 1166 iieus
859 1111 931 1166 enim
944 1116 995 1173 est,
1010 1113 1038 1163 et
1050 1104 1119 1160 iorte
1134 1104 1172 1208 tiit

377 1214 430 1275 roll
441 1209 681 1284 competitionem,
694 1206 740 1278 qni
756 1220 809 1260 non
834 1210 921 1275 potest
934 1202 1064 1272 peierare.
1079 1197 1171 1253 ιιοιιιι-

378 1282 430 1363 ttes
443 1302 516 1361 enim
536 1300 633 1356 initum
656 1299 758 1371 jurent,
772 1296 815 1353 rel
828 1310 889 1351 com
903 1290 1009 1357 faliunt,
1036 1289 1080 1345 rel
1107 1302 1170 1343 enm

375 1394 517 1455 raduntur.
532 1393 586 1449 Αιι
597 1391 668 1446 enim
683 1395 756 1459 putat
768 1387 847 1441 nomo
861 1397 952 1440 rerum
966 1395 1026 1437 osse
1039 1378 1110 1450 qnod
1122 1376 1171 1432 ini·

360 1501 438 1543 'suut
451 1492 543 1550 estet
563 1490 666 1538 temere
684 1479 755 1549 iurat
770 1495 776 1533 :
790 1484 836 1531 ortt
854 1475 905 1531 soit
915 1473 959 1533 tei
979 1479 1054 1543 putet
1074 1470 1169 1525 islsum

376 1585 584 1646 etse,ettomen
609 1587 658 1643 pro
674 1585 738 1627 uero
757 1569 839 1640 juret,
856 1575 885 1622 et
912 1562 1086 1620 nihilominus
1109 1574 1168 1616 eum

375 1667 573 1739 seelerejumt.
587 1642 690 1720 Distsnt
713 1669 801 1716 sutem
824 1659 874 1713 ista
892 1655 1016 1727 perierim
1038 1666 1097 1723 quo.
1117 1650 1170 1705 duo

373 1756 594 1819 commemorant.
616 1753 669 1809 Fae
691 1752 765 1807 iilum
791 1750 891 1819 iurare,
913 1746 958 1818 qtti
980 1758 1072 1799 tenuo
1097 1748 1171 1810 putat

376 1865 448 1917 esse,
470 1864 519 1920 pro
541 1862 594 1919 qim
614 1845 685 1915 jorot
700 1861 706 1898 z
722 1857 815 1897 rerum
844 1846 917 1910 putat
941 1850 1013 1900 esse,
1036 1839 1168 1933 ettamen

375 1942 473 1999 hirom
514 1949 564 1994 est.
591 1935 651 1991 Non
681 1951 714 1990 et
743 1933 832 1987 ottimo
857 1931 908 1985 iste
940 1926 1072 1998 perjuram
1099 1920 1169 1978 tutn-

357 2041 431 2100 ιιι,
446 2019 499 2087 Ιιοι
511 2044 563 2102 pro
584 2043 649 2082 vero
669 2025 748 2079 habet
768 2021 838 2092 quoti
863 2019 956 2074 laisum
978 2024 1035 2080 est;
1054 2027 1169 2117 nonpro

363 2102 408 2181 ¹ro
443 2121 509 2177 inim
538 2120 627 2176 seiens
647 2116 805 2187 jurationem
843 2109 996 2180 interponit.
1024 2106 1060 2189 [in
1086 2104 1167 2158 sitnm

374 2214 422 2289 mni
436 2210 591 2271 seitiolsum
604 2223 674 2273 esse,
687 2216 714 2262 et
725 2205 790 2260 dicit
799 2217 892 2259 nerum
902 2213 976 2259 esse:
988 2207 1015 2252 et
1023 2197 1095 2266 jurat
1109 2205 1169 2250 tan·

374 2276 558 2379 quamverum
569 2300 614 2364 sit,
630 2296 700 2369 quod
714 2295 765 2353 seit
779 2292 872 2349 inisum
886 2304 957 2346 esse.
968 2287 1072 2342 iiidetis
1087 2299 1167 2355 qnam

374 2396 425 2454 tnta
437 2390 594 2451 detesttttde
606 2391 640 2445 sit
654 2389 750 2453 bellua,
767 2393 794 2441 et
806 2384 840 2440 de
851 2382 930 2439 rebus
942 2379 1069 2436 trumonis
1081 2386 1167 2479 exter·

371 2482 521 2543 mandri
531 2481 596 2551 Quis
611 2480 681 2536 enirn
695 2477 745 2532 itoc
766 2475 823 2531 lieri
831 2472 913 2529 veliti
928 2471 1028 2527 Omnes
1044 2468 1168 2550 ironnnes

368 2576 438 2635 tut·
452 2574 631 2633 detestantur.
652 2571 706 2626 i'tte
729 2568 821 2633 ulium,
836 2573 912 2637 putot
932 2563 1025 2618 itisnm
1052 2575 1123 2626 esso,
1140 2568 1169 2664 et

369 2666 582 2740 insinuarem
594 2679 687 2721 rerum
704 2662 748 2729 sit,
760 2669 787 2717 et
807 2659 876 2717 iurte
896 2670 991 2711 rerum
1015 2661 1066 2709 est.
1086 2651 1167 2708 Verln

367 2756 469 2833 giliis,
482 2764 513 2813 ιι
533 2753 696 2826 intelligatis
709 2752 783 2808 Ptott
806 2751 832 2806 in
857 2749 903 2805 illo
925 2746 1002 2802 locut
1022 2745 1168 2848 interropos

368 2846 530 2913 bominem
543 2854 715 2918 etputrtnon
725 2844 837 2915 pluisse,
851 2849 879 2897 et
889 2839 922 2895 sd
933 2838 1069 2910 negotium
1084 2836 1168 2906 ipsun

368 2939 511 3013 competit,
529 2946 558 2994 nt
571 2938 653 3003 dicet,
669 2936 756 2993 Piuit:
768 2933 815 2991 sed
829 2941 905 3004 punt
925 2945 979 2987 noo
994 2928 1111 3001 pluisse;
1124 2926 1167 2983 di·

368 3030 490 3098 eitnrri.
503 3029 573 3086 iere
591 3027 679 3100 piniti
698 3026 779 3093 iere,
796 3037 823 3081 et
837 3025 911 3096 iuret
926 3028 973 3079 :et
993 3030 1082 3079 umen
1101 3017 1168 3089 pluit

371 3120 421 3188 liri,
435 3120 484 3178 sed
494 3119 540 3176 ille
552 3119 649 3187 nescit,
662 3126 689 3174 et
696 3124 773 3189 putet
782 3129 835 3171 non
850 3114 950 3187 pluisse
959 3130 967 3180 ;
976 3111 1101 3185 perjnms
1113 3118 1164 3167 est.

369 3208 489 3269 interest
498 3208 723 3282 quenadmodum
735 3206 846 3264 terbum
870 3204 999 3278 procedet
1018 3220 1051 3261 ex
1064 3203 1165 3259 animo.

372 3300 457 3360 hm
472 3300 652 3372 iiogtnmnon
663 3298 735 3366 iuuit,
749 3297 801 3354 nisi
817 3311 893 3354 mens
916 3311 972 3353 ren.
985 3295 1051 3366 Quis
1065 3304 1106 3352 est
1117 3311 1166 3351 att·

372 3400 428 3451 un
449 3391 496 3464 qui
521 3397 586 3449 ooo
602 3389 719 3456 indatur,
742 3389 793 3446 etsi
813 3387 899 3443 noluit
921 3386 1030 3443 islierei
1049 3386 1114 3456 Quis
1126 3393 1167 3442 est

371 3463 507 3541 Ιὶιίιιιοιιιι
517 3498 570 3539 non
583 3481 710 3552 subrepat
724 3479 846 3535 iollaeiai
860 3479 894 3534 Et
907 3487 999 3534 tomen>
1017 3476 1117 3548 iuratio
1133 3477 1166 3532 ab

371 3552 421 3633 ore
433 3589 488 3631 nou
500 3572 623 3640 discedit,
638 3571 837 3644 frequentatur:
853 3570 928 3640 pluro
940 3578 1001 3624 sunt
1009 3568 1167 3639 pierumque

367 3666 531 3743 inmerente,
543 3664 760 3738 quantumst
775 3662 899 3718 discutiat
913 3662 994 3716 immo
1004 3661 1109 3732 quoties
1119 3660 1165 3729 jn·

369 3754 415 3818 ιόι
427 3774 478 3831 per
487 3767 573 3815 totum
586 3758 668 3824 diem,
685 3757 789 3826 quoties
802 3771 831 3811 se
846 3755 978 3818 tumeret,
991 3753 1095 3824 quoties
1105 3751 1165 3822 giu·

369 3852 417 3909 tilo
430 3851 529 3923 llossttae
541 3866 573 3907 ee
585 3849 663 3906 ierint
674 3848 854 3920 ottramttgan
864 3849 924 3919 quis
936 3848 963 3902 iu
975 3848 1019 3902 illo
1034 3845 1109 3902 locus
1123 3847 1164 3899 in·

371 3940 666 4008 retritursonusiQnitt
679 3955 743 4010 ergo
764 3954 847 4010 grone
869 3947 1006 4006 peremunt
1031 3946 1073 3992 est
1090 3937 1164 4007 peje-

368 4046 443 4099 rnre,
454 4029 642 4103 compendium
657 4029 703 4084 tibi
723 4028 797 4084 detlit
817 4028 965 4098 Scriptum,
982 4026 1041 4082 Noli
1062 4027 1162 4099 jurare.

404 4122 521 4181 corut·
537 4120 581 4177 lit.
592 4123 662 4178 -5,
686 4120 834 4176 Periculum
853 4119 959 4192 perjurii
977 4120 1006 4174 in
1022 4119 1163 4191 juratione.

368 4213 441 4285 onio
455 4213 501 4268 ιιιιι
512 4211 633 4269 dicturus
645 4228 704 4268 sum
721 4212 815 4267 itomo!
833 4210 930 4267 ilerum
944 4209 1022 4281 jumi
1034 4210 1102 4266 Eece
1116 4225 1163 4266 re·

369 4321 431 4365 rttot
447 4305 522 4378 iure,
539 4320 591 4360 non
611 4317 706 4375 pecces
719 4319 728 4358 r
741 4304 764 4358 si
779 4317 869 4357 terum
888 4301 1042 4372 inmemor
1057 4315 1162 4371 pecces.

367 4396 425 4459 Soti
436 4397 519 4455 bono
532 4397 602 4453 inter
617 4395 776 4451 tentationes
789 4395 906 4464 positus,
922 4408 1003 4450 cerne
1020 4393 1162 4461 insolutus,

368 4490 481 4549 nitent
492 4500 592 4548 terram
605 4489 656 4546 snb
668 4497 748 4556 terro,
760 4486 824 4543 dnm
839 4501 937 4558 corpus
952 4486 1025 4557 quod
1041 4502 1161 4543 eorrum-

370 4586 443 4659 pttnr
456 4566 584 4657 nemrot
597 4584 724 4652 animem,
738 4594 766 4640 et
774 4583 900 4655 deprimit
914 4592 1018 4640 terreno
1034 4583 1164 4640 indebite-

368 4675 408 4733 tio
419 4689 530 4733 tentum
543 4674 625 4730 mtdts
638 4673 799 4746 cogitantem
813 4673 892 4745 (Sep.
903 4689 940 4738 ιι,
956 4671 999 4744 ιδ)
1010 4690 1018 4739 i
1030 4675 1100 4731 inter
1113 4675 1161 4731 ista

368 4766 455 4825 uite
468 4774 513 4823 tua
527 4764 641 4837 oegiteta
656 4765 774 4830 ineerta,
789 4762 914 4829 rondes,
928 4763 1098 4835 conjecturas
1110 4763 1161 4820 uu-

367 4870 480 4926 m,
498 4856 616 4913 itileeias
634 4854 890 4926 nnmmmqnmto
908 4869 961 4911 uon
978 4853 1099 4927 subrepit
1115 4855 1162 4910 tilti

368 4949 443 5025 quid
453 4949 548 5006 initum
561 4959 615 5017 est,
628 4948 715 5020 posito
727 4947 753 5003 in
766 4947 875 5019 regione
887 4947 1030 5008 ntsttoust
1043 4948 1088 5004 iis
1098 4963 1162 5020 ergo

368 5041 452 5117 hope
464 5055 527 5100 etse
540 5057 555 5095 a
570 5039 706 5113 perjurioi
719 5039 813 5096 iurare
835 5038 965 5107 notioni
982 5040 1055 5097 enim
1070 5039 1161 5111 iuml,

368 5134 512 5207 Quodn
525 5148 617 5191 rerum
629 5134 721 5203 iurare
733 5140 838 5205 potest;
851 5132 895 5202 qni
911 5140 1000 5187 autem
1014 5146 1067 5188 non
1077 5128 1160 5201 jorot,

367 5226 538 5283 mortarium
547 5225 639 5294 jnrtre
652 5237 786 5292 nunqnam
800 5230 897 5291 potest.
911 5221 987 5278 iuret
999 5235 1064 5291 ergo
1076 5222 1160 5288 ileus,

366 5317 414 5391 oui
425 5319 498 5387 iurat
512 5330 633 5385 securus,
649 5330 727 5385 quern
741 5313 807 5368 ninii
822 5311 897 5377 iuliit,
913 5328 991 5383 nuent
1007 5313 1073 5368 nihil
1086 5313 1160 5379 latet,

369 5408 414 5479 qui
426 5407 538 5464 omnino
550 5406 642 5461 saliere
656 5406 768 5474 ignorat,
782 5403 842 5473 quia
855 5419 905 5458 nee
917 5403 973 5458 iulii
985 5411 1081 5474 potest.
1096 5404 1160 5459 Cum

368 5503 442 5561 noim
455 5501 547 5572 jurat,
567 5515 597 5556 se
616 5498 724 5555 adhibet
737 5506 844 5553 testem.
857 5495 997 5564 Quomodo
1009 5504 1036 5550 tu
1048 5511 1109 5550 cunr
1118 5496 1161 5564 ju·

367 5607 423 5655 ras.
439 5594 522 5648 neum
535 5592 648 5648 edilibus
658 5599 770 5655 testem;
784 5589 823 5645 sie
836 5589 892 5659 ipse
902 5604 962 5644 cnut
971 5588 1062 5658 jurat,
1077 5605 1105 5644 se
1120 5598 1161 5644 te-

367 5695 438 5741 stem
452 5682 623 5739 adiunctio
637 5681 743 5753 quando
757 5681 830 5735 iilum
846 5679 957 5735 adhibes
971 5688 1077 5746 testem,
1092 5679 1161 5735 iorte

399 5823 408 5853 ¹
421 5818 496 5881 lugd.
509 5826 535 5870 et
555 5825 615 5869 ven.
627 5831 635 5868 ε
648 5826 697 5869 uon
707 5823 742 5869 ert
753 5829 811 5883 erpo
821 5816 1051 5881 prooemiorum,
1059 5817 1102 5869 red
1113 5818 1160 5868 dtr·

1054 535 1169 595 sinuo
1188 535 1317 595 ctxttx.

1227 666 1306 724 supro
1327 653 1493 711 mendacium
1516 665 1609 725 tunm.
1631 662 1731 734 accipis
1750 665 1776 719 in
1796 679 1893 724 nonum
1917 684 2015 724 nonten

1225 742 1330 800 ltontnt
1348 744 1393 801 Dei
1407 748 1445 802 tui
1457 748 1557 819 (uxor.
1577 767 1629 817 xx,
1643 752 1682 826 7).
1704 755 1744 811 lie
1762 772 1826 828 erpo
1846 760 2014 819 mendacium

1222 833 1308 905 jures,
1325 836 1379 891 noli
1390 835 1491 907 jurare.
1510 839 1569 911 ipsa
1583 850 1625 898 est
1639 845 1771 916 angustia.
1786 845 1934 916 Perjrtrinm
1946 864 2017 920 prae·

1224 923 1354 996 eipitinm.
1366 926 1416 995 in
1431 928 1519 1000 jurat,
1533 930 1605 1003 luxu
1618 943 1678 990 est:
1691 935 1738 1008 qui
1757 952 1810 993 non
1827 939 1917 1010 jumi,
1935 941 2017 1015 longe

1223 1024 1275 1069 est.
1291 1015 1387 1073 Peemt
1400 1028 1429 1075 et
1443 1022 1559 1092 graviter
1571 1024 1616 1095 qui
1630 1022 1724 1083 laisum
1741 1028 1814 1099 jurat
1827 1046 1835 1086 τ
1848 1046 1901 1089 nou
1924 1046 2017 1109 poenit

1224 1105 1270 1174 qui
1281 1120 1372 1164 rernm
1381 1108 1453 1180 jurat
1463 1127 1471 1164 t
1482 1111 1531 1168 sed
1544 1128 1594 1169 nee
1606 1114 1650 1171 iile
1664 1126 1764 1187 penest.
1780 1119 1826 1190 qui
1839 1122 1949 1181 omnino
1962 1139 2016 1180 non

1221 1195 1303 1264 jurat.
1312 1197 1365 1254 Sed
1376 1201 1420 1270 qni
1432 1218 1485 1257 non
1493 1203 1575 1274 jurat,
1582 1213 1610 1261 et
1619 1222 1672 1263 non
1683 1219 1784 1280 petent,
1795 1212 1872 1285 longe
1883 1225 1947 1271 este
1958 1232 2017 1288 pee-

1224 1296 1285 1343 esto
1296 1307 1303 1342 :
1315 1291 1361 1362 qni
1373 1300 1462 1348 antem
1475 1310 1567 1351 rernm
1579 1297 1668 1367 jnmt,
1682 1316 1735 1356 non
1750 1313 1842 1373 peccat
1852 1347 1860 1372 ,
1871 1307 1918 1362 sed
1933 1323 2017 1380 propo

1223 1388 1264 1434 est
1278 1379 1311 1435 od
1326 1393 1471 1451 peecatum.
1483 1384 1536 1442 iae
1562 1395 1588 1445 te
1599 1390 1734 1447 annulare
1749 1393 1775 1448 itt
1787 1393 1876 1467 atiquo
1888 1385 1958 1466 ioeo',
1971 1399 2016 1454 nbi

1223 1471 2017 1563 apartedertertspotiosasitterrmneeusquomangostios

1223 1562 1706 1642 patnrts;astntsrnpmeepstocos
1715 1577 1912 1655 estillielipts
1921 1582 2016 1642 annn-

1222 1651 1299 1709 taret
1317 1654 1404 1726 Super
1424 1657 1504 1716 linem
1524 1669 1603 1719 terre
1616 1665 1643 1720 in
1655 1665 1725 1725 initio
1739 1671 1890 1742 praecipitii,
1906 1687 1939 1728 nn
1953 1674 2016 1730 inde

1222 1743 1319 1815 longe?
1331 1747 1400 1803 Puto
1411 1750 1472 1821 quin
1488 1751 1549 1808 indo
1563 1753 1651 1825 longe.
1665 1754 1711 1813 Sic
1723 1766 1750 1814 et
1760 1760 1805 1832 qni
1819 1761 1901 1831 jnrot,
1914 1764 1940 1818 in
1961 1765 2015 1821 line

1222 1835 1355 1904 ambulem
1371 1848 1398 1896 et
1411 1842 1532 1898 ambulat
1542 1844 1654 1914 pedibus
1667 1846 1790 1917 infirmis,
1804 1852 1864 1924 qnia
1878 1852 2013 1909 immonis.

1221 1924 1249 1981 Si
1263 1927 1423 1996 ostenderis,
1440 1933 1567 1990 deorsum
1582 1936 1618 2002 is;
1634 1938 1656 1992 si
1672 1938 1761 2007 lapsus
1783 1940 1875 2009 tueris,
1888 1944 2014 2002 deorsum

1223 2015 1255 2072 is.
1272 2019 1305 2073 iit
1327 2020 1390 2090 quid
1404 2032 1430 2076 te
1443 2023 1559 2095 erripiti
1577 2025 1689 2099 Pet-jurii
1709 2043 1798 2099 poenn.
1817 2032 1887 2107 Ergo
1905 2033 2014 2100 rulubon

1221 2111 1423 2181 rerumjnrore:
1434 2114 1496 2169 rudi
1511 2116 1651 2172 consilium
1666 2118 1904 2192 detonsionem.

1255 2201 1370 2258 CAPUT
1390 2204 1434 2259 lt.
1444 2206 1514 2262 ni.
1534 2206 1625 2263 Verum
1635 2211 1726 2283 jurare
1736 2213 1777 2283 sor
1789 2224 1842 2283 est:
1854 2233 1905 2272 nott
1912 2219 2013 2290 jurare,

1221 2291 1309 2346 tntitn.
1324 2292 1351 2348 Si
1364 2304 1501 2363 peceatum
1517 2307 1589 2354 esset
1600 2299 1718 2370 juratio.
1735 2318 1784 2359 nee
1801 2305 1827 2361 io
1843 2309 1927 2364 reteri
1942 2309 2015 2383 Lege

1220 2379 1365 2447 diceretur,
1379 2383 1438 2439 Non
1449 2387 1605 2458 perjuroiim
1617 2392 1706 2447 reddes
1716 2404 1802 2450 nutem
1809 2394 1918 2455 Domino
1925 2400 2014 2472 juriu-

1220 2473 1330 2525 tundunt
1350 2483 1421 2528 tunm
1441 2473 1534 2548 (Leuit.
1551 2494 1610 2546 ιιι,
1627 2479 1682 2554 ii).
1699 2482 1756 2540 Non
1778 2487 1849 2545 ettiot
1874 2502 2013 2560 perreium

1221 2562 1411 2633 proriperetnr
1430 2566 1517 2623 nobis.
1533 2568 1588 2626 Sed
1601 2571 1638 2626 ait
1652 2571 1700 2629 tibi
1718 2574 1789 2632 ileos
1807 2586 1882 2648 tuus,
1897 2579 1926 2636 st
1936 2581 2013 2653 iuro·

1221 2652 1301 2721 reris,
1318 2669 1370 2711 noo
1381 2655 1515 2715 damnabo
1525 2678 1534 2717 z
1545 2662 1569 2717 ei
1580 2677 1673 2720 rerum
1685 2664 1829 2738 innueris,
1841 2686 1894 2727 non
1907 2672 2012 2732 domoo-

1220 2741 1265 2798 ito.
1286 2743 1341 2801 Sed
1363 2750 1491 2818 numquid
1512 2751 1536 2807 si
1559 2767 1611 2809 non
1634 2753 1765 2825 inntens
1787 2758 2011 2825 damnatorum

1220 2842 1299 2900 suut,
1321 2834 1422 2907 inquit,
1436 2855 1495 2923 qnae
1508 2856 1562 2898 nort
1575 2843 1674 2903 damno
1688 2863 1821 2920 unqusmr
1835 2868 1925 2911 teram
1935 2857 2012 2927 juro·

1220 2926 1331 2991 tionem,
1342 2939 1370 2985 et
1380 2931 1483 2987 otrllarn
1500 2933 1663 3004 jurationem
1678 2956 1685 2993 :
1699 2939 1798 2998 domno
1810 2955 1900 3003 nutem
1919 2948 2013 3005 misum

1218 3014 1389 3086 irmionem.
1410 3020 1488 3078 iioisa
1500 3024 1600 3094 iuratio
1612 3027 1724 3085 exitioso
1747 3040 1809 3098 eet,
1830 3050 1893 3093 rere
1913 3038 2014 3110 juratio

1220 3107 1368 3175 periculosa
1382 3117 1433 3178 est,
1445 3113 1517 3168 nulls
1529 3114 1628 3185 juratio
1640 3132 1734 3174 seeum
1746 3131 1798 3178 est.
1810 3123 1871 3181 Seio
1885 3141 1945 3183 osse
1959 3129 2013 3184 dii·

1220 3194 1510 3270 ieilemquaestionem
1519 3214 1546 3260 et
1556 3203 1685 3263 Citerioti
1696 3220 1792 3267 nestro
1803 3215 1895 3283 ntem.
1907 3233 2014 3290 semper

1218 3285 1291 3343 iiiam
1312 3289 1402 3345 nitori.
1418 3291 1494 3350 iiune
1514 3304 1603 3352 nutem
1624 3312 1686 3356 eunt
1707 3301 1751 3358 die
1770 3303 1905 3367 dominico
1923 3311 2014 3370 debito

1220 3379 1349 3438 reddendi
1362 3386 1496 3441 sermonis
1509 3387 1772 3448 reniteretnreedem
1783 3395 1873 3465 lertio,
1887 3398 2013 3461 diuinitus

1219 3471 1284 3527 milri
1308 3472 1467 3546 inspiratum
1480 3479 1562 3536 ¹esse
1576 3481 1696 3549 credidi,
1722 3498 1750 3541 ut
1774 3487 1837 3547 inde
1858 3501 2010 3550 tractarem.

1220 3562 1287 3619 iiior,
1298 3581 1340 3627 me
1350 3567 1441 3624 dicere
1453 3570 1524 3632 Dens
1534 3573 1617 3629 voluit
1629 3593 1636 3629 z
1647 3575 1710 3632 iritte
1722 3594 1770 3639 too
1778 3581 1882 3641 andire.
1894 3585 2013 3643 onnon»

1219 3669 1253 3711 ne
1273 3660 1466 3726 contemnetis,
1481 3661 1593 3718 obsecro
1617 3673 1646 3720 ut
1666 3681 1713 3722 eor
1733 3670 1884 3740 stabiliatis,
1914 3675 2011 3747 lingue

1218 3747 1381 3804 ntoitiiitrtes
1403 3754 1521 3809 mutetis.
1546 3753 1603 3809 lino
1626 3756 1724 3813 irnstm
1747 3768 1789 3816 est
1811 3765 1941 3832 omuino,
1958 3785 2010 3824 non

1218 3849 1294 3894 roem
1315 3841 1386 3909 qrtod
1410 3857 1470 3897 eum
1494 3861 1552 3901 eam
1565 3888 1573 3912 ,
1587 3849 1697 3916 uldini,
1711 3855 1883 3925 questionem
1904 3873 2012 3932 semper

1218 3929 1337 3988 devitare
1356 3935 1494 4003 noluerim,
1507 3938 1629 4009 impositi
1653 3952 1694 3999 est
1716 3947 1868 4006 necessitati
1891 3966 1968 4019 meo,
1984 3964 2013 4013 ot

1219 4023 1372 4096 imponatur
1384 4036 1411 4083 et
1423 4028 1549 4086 charitati
1561 4041 1668 4090 vestrm.

1252 4114 1366 4174 CAPUT
1381 4118 1494 4177 tt—ts.
1520 4119 1623 4180 loretto
1645 4125 1678 4180 ait
1695 4125 1817 4202 Apertum
1837 4131 1960 4191 adtritio.
1978 4136 2012 4193 tn

1218 4209 1355 4275 noveritis,
1370 4226 1462 4267 nerum
1474 4213 1568 4285 jurare
1581 4232 1634 4272 non
1654 4233 1715 4276 esse
1735 4232 1888 4291 perustum,
1905 4226 2010 4285 torent-

1218 4315 1277 4356 mus
1296 4311 1324 4358 et
1337 4306 1486 4375 apostolum
1508 4307 1619 4365 Ptolom
1632 4311 1738 4381 iurasse
1751 4331 1760 4369 :
1773 4315 1894 4382 Quotidie
1904 4321 2006 4381 norim.

1216 4405 1376 4463 pervertente
1384 4399 1503 4468 plurim,
1518 4403 1618 4471 fratrer.
1631 4419 1708 4472 quom
1717 4405 1795 4463 dobeo
1804 4409 1831 4464 in
1841 4410 2009 4470 entorses

1219 4483 1327 4541 Domino
1337 4497 1422 4543 norim
1433 4488 1455 4559 (Ι
1463 4490 1522 4545 (ἔοι.
1534 4492 1645 4565 smil).
1657 4493 1706 4549 Per
1719 4507 1826 4555 restrum
1838 4502 1959 4572 pierium
1967 4505 2010 4563 in-

1217 4577 1493 4651 rarloest.ltooqtnsi
1502 4583 1661 4646 oenones
1671 4598 1777 4659 ιιιιιιιιιι
1786 4592 1894 4663 mem
1904 4595 2009 4656 morior.

1216 4668 1291 4741 quast
1314 4680 1400 4728 neem
1421 4672 1505 4744 pluria
1520 4690 1564 4733 me
1577 4675 1638 4733 iecit
1650 4681 1736 4746 mori;
1752 4685 1887 4753 utromodo
1899 4687 1922 4743 si
1934 4687 2008 4746 diee-

1216 4766 1268 4825 ret.
1282 4759 1333 4817 Per
1349 4778 1481 4821 tenedum
1497 4778 1617 4825 mortuns
1628 4781 1680 4840 est,
1693 4788 1741 4843 per
1751 4775 1867 4846 eludium
1887 4789 2010 4838 mortuus
2051 4818 2053 4821 -

1218 4858 1282 4918 est,
1307 4854 1485 4921 perpernam
1508 4869 1630 4916 mortuus
1643 4870 1705 4933 eet,
1726 4869 1924 4937 perinimienm
1937 4889 2009 4931 mnr-

1216 4948 1344 5008 tuusest;
1357 4942 1384 5000 id
1395 4954 1447 5012 eet,
1462 4945 1577 5007 iaciente
1588 4951 1713 5021 inimioo,
1728 4955 1842 5017 iaciente
1852 4962 1952 5032 plodio,
1967 4965 2008 5020 ie·

1215 5029 1304 5089 eieute
1319 5048 1433 5104 ueneno,
1449 5045 1476 5092 rt
1488 5038 1586 5096 similia
1598 5057 1605 5094 :
1617 5058 1670 5098 non
1683 5047 1723 5102 sle
1735 5047 1822 5112 dixit.
1838 5050 1890 5106 Per
1899 5064 2009 5108 oestrum

1214 5121 1332 5191 pierium.
1345 5123 1551 5196 indignitatem
1572 5146 1675 5200 grecus
1696 5149 1786 5191 sermo
1808 5139 1938 5196 dissolvit.
1963 5143 2008 5198 ln-

1215 5212 1327 5280 spicitur
1348 5213 1374 5268 in
1398 5214 1515 5284 Epistola
1538 5223 1828 5284 praemunirentur
1851 5229 1887 5283 ibi
1912 5230 2009 5299 juratio

1214 5317 1274 5372 qnae
1289 5320 1342 5358 non
1355 5313 1396 5360 est
1408 5306 1588 5376 ambigumltn
1601 5323 1645 5371 ms
1654 5317 1766 5386 ιμηιραν
1780 5323 1905 5386 καύχησιν.
1915 5328 1955 5382 Nn
1969 5334 2009 5390 «ιι

1214 5401 1280 5459 erto,
1297 5396 1341 5450 uiti
1355 5395 1452 5452 dixerit
1463 5413 1576 5466 graecus,
1588 5403 1670 5472 jnmt.
1682 5405 1806 5472 Quotidie
1818 5412 1917 5467 struitis
1931 5414 2007 5469 Gom·

1214 5500 1270 5550 eos,
1286 5495 1314 5542 et
1334 5488 1379 5555 qni
1397 5503 1484 5559 grore
1501 5493 1596 5559 nostis,
1612 5503 1651 5557 Nn
1665 5507 1704 5552 rto
1716 5507 1773 5554 eres
1787 5516 1794 5554 2
1810 5505 1916 5572 qnando
1929 5506 2005 5573 dicit.

1215 5585 1255 5638 Νὴ
1267 5586 1306 5632 τι»
1317 5585 1384 5644 Θεὸν,
1396 5579 1496 5648 jrtrntio
1510 5592 1559 5647 est,
1576 5584 1628 5640 Per
1643 5587 1727 5643 onum
1743 5596 1764 5644 ¹.
1782 5593 1851 5664 Ergo
1864 5611 1942 5652 nemo
1954 5600 2006 5654 tiu-

1215 5671 1280 5725 bitet
1292 5670 1397 5738 jurasse
1410 5672 1577 5745 Apostolum,
1593 5680 1749 5750 cumdium,
1768 5683 1818 5740 Per
1830 5697 1936 5744 restrum
1950 5692 2007 5762 ple·

1245 5761 1254 5791 ¹
1267 5757 1361 5822 nlrnnot
1371 5767 1435 5821 tiss,
1443 5760 1594 5826 irnperntum.

1245 5822 1304 5869 *tm
1321 5822 1393 5884 lugd.
1415 5831 1472 5872 ten.
1488 5830 1542 5876 ton.
1557 5828 1683 5889 :Quotidie
1698 5833 1789 5885 mediiis
1804 5844 1917 5899 crocco,
1930 5847 1953 5891 rt
1964 5837 2005 5903 nni

365 5894 432 5939 rnen,
444 5890 492 5932 ete.
503 5882 540 5931 sio
550 5882 623 5932 etism
633 5886 670 5928 tr.
683 5881 819 5948 qui-tamen
832 5886 885 5941 poet
894 5891 989 5940 rocem,
997 5880 1093 5942 domem,
1103 5879 1159 5944 odjl·
1213 5894 1291 5953 qroeee
1300 5895 1347 5932 rtort
1357 5883 1438 5943 nostin
1450 5885 1483 5936 ,ϊι
1493 5891 1533 5937 ton
1546 5888 1629 5940 titeon.
1641 5894 1740 5950 orendo
1750 5896 1823 5958 risit,
1830 5898 1863 5949 ,ιι
1869 5905 1909 5951 tort
1919 5901 2003 5967 ιιιιοιι,

364 5946 410 6007 «ιι,
420 5942 519 5995 monn
546 5950 573 5991 u.

1147 6007 1152 6017 .
1209 5949 1304 6006 Jurutto
1312 5950 1348 5995 est
1355 5957 1398 6008 per
1408 5955 1491 5997 ocum.
1502 5947 1534 5999 n‘d
1544 5955 1583 6007 tort
1598 5951 1680 6009 litron.
1712 5962 1742 6005 lt.
