4759 6684
391 568 444 633 stt

391 696 454 762 teri,
464 692 566 763 ittqttit,
583 690 680 763 duplici
692 690 786 745 bonore
798 690 967 751 honorantem
981 685 1138 756 mortequi
1149 685 1187 739 ta-

389 787 479 842 tornrtt
491 785 519 840 in
531 784 604 841 serio
617 792 642 839 et
653 782 769 839 doctrino
783 781 805 854 (Ι
819 779 886 836 Tim.
906 796 932 848 r,
948 781 1006 852 li).
1020 780 1079 836 Non
1091 780 1142 845 ait,
1159 780 1186 836 ln

389 878 496 944 rerbls;
508 876 574 943 sed,
590 877 617 931 in
629 875 712 930 rerba
722 875 756 931 Et
763 884 870 931 sanetus
883 873 998 932 lacobus
1010 893 1018 929 :
1030 872 1135 942 Estote,
1147 875 1187 930 in·

390 972 464 1045 quit,
479 974 590 1043 suctores
601 967 686 1037 uerti,
697 977 721 1022 et
730 985 780 1023 non
792 969 918 1023 auditores
931 976 1028 1023 tantum
1044 966 1146 1041 (iacobi
1159 984 1185 1033 t,

388 1062 446 1137 ts).
458 1062 518 1118 Non
532 1062 570 1116 ait
581 1070 608 1117 et
622 1061 693 1131 ipsc,
712 1059 874 1126 Verborum3
884 1059 933 1116 scd
941 1101 949 1126 ,
967 1059 1035 1114 serii
1045 1075 1055 1115 .·
1064 1059 1187 1130 quamtis

389 1166 444 1213 tam
463 1154 547 1210 multa
561 1152 641 1208 rerba
654 1152 689 1208 de
703 1151 847 1222 Scripturis
857 1150 955 1207 sanctis
970 1150 997 1205 in
1014 1150 1126 1207 ecelesia
1139 1164 1186 1207 ce-

390 1246 501 1303 lebriter
511 1254 539 1302 et
552 1244 710 1300 solemniter
725 1243 863 1314 inanior,
875 1241 1014 1308 dicantur,
1034 1241 1184 1297 audiantur.

390 1336 466 1394 Sicut
483 1350 547 1408 ergo
564 1343 779 1407 orrantoenrnqne
799 1343 918 1404 ternpore
931 1332 1052 1405 quisquis
1064 1341 1187 1388 nostrum

388 1429 417 1485 ln
426 1425 597 1500 praedicando
613 1426 756 1497 Evangelio
768 1424 938 1491 laboraverit,
956 1440 1009 1480 non
1022 1423 1185 1492 verborum,

314 1507 320 1517 ’
388 1519 438 1576 scd
453 1517 527 1574 serbi
540 1516 638 1573 dieitur
656 1516 815 1587 praedicator
828 1535 835 1583 ;
849 1524 876 1572 et
892 1523 1106 1587 quantocumque
1119 1524 1188 1570 tem-

388 1626 459 1685 pore
481 1611 600 1683 quisquis
621 1618 740 1666 restrum
755 1618 873 1666 nostram
890 1608 1106 1679 praedicationem
1127 1608 1188 1663 dili·

389 1714 488 1778 ssentcr
502 1714 580 1774 atoue
601 1703 731 1760 instanter
745 1703 871 1768 audierit,
893 1718 945 1758 non
956 1702 1118 1767 uerborum,
1138 1701 1187 1757 sed

388 1796 466 1853 verbi
490 1785 615 1852 audiendi
636 1795 847 1852 studiosissimus
876 1805 1043 1866 nuncupatur
1066 1814 1072 1849 :
1096 1796 1132 1851 ita
1153 1810 1187 1851 eo

388 1902 467 1945 more
477 1902 531 1959 quo
545 1886 690 1957 scripturae
703 1887 866 1958 loquuntur,
881 1894 909 1942 et
920 1903 1000 1958 nutem
1016 1887 1090 1942 norit
1104 1887 1187 1944 eccle

387 1978 496 2035 siastica
508 1978 692 2046 consuetudo,
713 1978 833 2050 quisquis
846 1979 968 2035 universa
981 1993 1029 2034 sua
1047 1979 1100 2033 uita
1111 2020 1119 2045 ,
1132 1993 1185 2050 qua

388 2068 469 2125 istam
483 2069 552 2141 gerit
573 2084 681 2126 carnem
705 2071 725 2136 ¹,
749 2069 915 2142 quantalibet
937 2058 1101 2142 longitudine
1120 2085 1185 2142 pro-

388 2160 531 2228 tendatur,
549 2176 723 2233 quseeumque
737 2160 817 2217 verba
829 2160 869 2216 rel
883 2176 930 2217 ore
942 2161 986 2216 ecl
1006 2161 1064 2217 sola
1084 2162 1184 2231 cogita·

389 2252 463 2309 unae
476 2252 581 2309 locatae
594 2254 674 2310 tuerit
683 2253 765 2309 corde
778 2253 969 2324 impoenioenti,
982 2260 1074 2308 contra
1088 2253 1186 2308 renuis·

387 2342 494 2400 sioaem
507 2354 748 2415 momentumque
760 2342 789 2399 fit
806 2344 833 2401 in
847 2342 985 2411 Ecclesia,
1001 2343 1111 2400 verbum
1121 2343 1187 2400 dicit

387 2444 483 2491 contra
495 2433 627 2506 Spiritum
637 2443 768 2493 sanctum.

425 2526 472 2583 23.
490 2526 641 2582 deunitatis
655 2527 820 2599 blasphemio,
831 2526 934 2583 dimisso
947 2534 1050 2598 praeno
1061 2528 1087 2581 in
1098 2526 1186 2598 Spiri-

388 2629 445 2674 test
468 2628 602 2687 mautarn,
626 2618 777 2686 dimittitur,
800 2636 887 2690 ptume.
926 2619 989 2677 ideo
1018 2630 1107 2676 autem
1133 2636 1186 2676 non

386 2708 478 2767 solum
498 2710 609 2767 terbum
623 2709 694 2781 quod
704 2710 804 2766 dictum
817 2710 896 2766 inerit
914 2720 1007 2766 eontra
1021 2710 1118 2768 Filium
1136 2713 1186 2767 bo·

388 2801 485 2869 minis,
499 2801 549 2859 sed
563 2817 643 2857 omne
657 2816 767 2873 prorsus
777 2811 915 2872 peecatum
924 2809 951 2858 ει
963 2801 1128 2872 blasphemia
1141 2819 1185 2859 re·

387 2896 511 2953 mittetur
525 2895 679 2951 bominibus
690 2912 699 2961 3
709 2896 771 2967 quia
786 2894 830 2950 ubi
845 2894 896 2951 boe
909 2904 1047 2967 peccatum
1061 2912 1114 2953 non
1129 2896 1187 2954 tue·

387 2988 427 3046 rit
437 2988 527 3047 cordis
538 2988 728 3059 impoenitentis
739 2995 831 3043 contra
842 2985 969 3057 Spiritum
982 2995 1118 3055 sanctum,
1132 3003 1186 3060 quo

387 3081 417 3138 in
428 3080 549 3138 Faciesia
575 3089 683 3152 peccata
702 3079 857 3149 solvuntur,
876 3090 970 3135 cuncta
985 3079 1036 3135 alia
1048 3079 1187 3136 dimittun-

352 3177 355 3182 '
388 3180 443 3230 tur.
457 3172 599 3245 Quomodo
616 3181 704 3230 autern
719 3173 769 3228 troc
785 3171 943 3238 dimittetur,
956 3170 1026 3243 quod
1045 3172 1125 3227 etiam
1142 3187 1186 3228 re·

388 3267 545 3325 ιείεείεεεει
560 3266 670 3338 impedit
685 3265 818 3321 aliorum?
831 3264 926 3322 Omnia
937 3280 1002 3337 ergo
1018 3265 1186 3324 dimittuntur

389 3358 443 3425 cis,
455 3359 483 3414 in
497 3357 595 3430 numus
604 3357 657 3415 boc
668 3371 722 3413 non
735 3364 776 3411 est
789 3355 859 3426 quod
873 3371 1006 3428 nunqrram
1017 3356 1184 3413 dimittetur:

391 3448 525 3521 inquibus
538 3456 687 3511 εειεειεει,
703 3448 848 3518 quioniam·
865 3446 916 3502 boe
929 3463 1063 3519 tiunqnam
1077 3447 1187 3503 dimitti·

390 3551 441 3611 tar,
453 3556 504 3598 nec
516 3541 569 3598 alia
582 3541 770 3606 dimittendum
786 3539 847 3612 quia
862 3540 980 3596 omniurn
992 3540 1114 3596 remissio
1128 3541 1187 3596 uia-

392 3636 450 3693 caio
465 3635 543 3691 istius
554 3633 707 3704 impeditur.
722 3632 780 3688 Non
794 3648 858 3704 ergo
874 3641 1015 3704 propterea
1026 3633 1187 3705 quicumque

391 3727 488 3785 dixerit
501 3725 612 3783 rerbutn
627 3734 719 3781 cotnra
731 3724 828 3779 Filium
844 3723 975 3791 bominis,
987 3723 1138 3778 remittetur
1150 3723 1186 3791 ei,

391 3820 430 3892 mi
448 3828 543 3876 autem
556 3816 653 3876 dixerit
667 3826 759 3873 contra
781 3816 908 3887 Spiritum
922 3822 1059 3879 sanctum,
1073 3830 1127 3870 non
1141 3830 1186 3871 re·

389 3913 529 3981 ιιίιιειιιη
549 3909 611 3982 quia
631 3908 657 3964 in
677 3908 807 3963 'irirritate
827 3907 912 3976 nrajor
926 3914 968 3961 est
982 3904 1050 3960 Filio
1072 3903 1187 3976 Spiritus

385 4011 513 4069 εειιειεε,
536 4001 607 4073 quod
631 4000 719 4056 nullus
740 4014 854 4069 unquam
871 3999 911 4053 rel
935 3997 1078 4052 bareticus
1097 3995 1192 4052 dixit:

384 4094 433 4151 scd
448 4091 579 4165 quoniam
601 4089 720 4162 quisquis
740 4088 869 4145 restiterit
881 4087 1003 4154 ueritati,
1025 4096 1053 4142 et
1065 4086 1188 4157 blasplto-

377 4184 662 4248 auseritteritatem,
677 4180 747 4252 qrtod
761 4187 802 4236 εει
812 4179 944 4245 Christus,
959 4180 1038 4234 etiam
1052 4188 1112 4250 post
1127 4188 1186 4234 tan·

376 4279 440 4333 tan
448 4275 495 4331 sui
506 4274 721 4348 pradicationem
731 4272 800 4342 apud
813 4271 983 4337 bornines,ut
998 4268 1112 4326 llerbutn
1125 4284 1187 4325 caro

369 4364 483 4433 aaut,
495 4375 524 4425 st
536 4364 666 4422 babitaret
678 4363 705 4418 in
718 4361 813 4430 nobis,
827 4359 899 4432 quod
911 4369 954 4417 est
966 4358 1049 4415 Filius
1060 4358 1186 4428 bominis,

368 4452 460 4516 idem
476 4458 534 4527 ipsc
548 4455 669 4512 Chunus
680 4498 688 4523 ,
700 4455 722 4511 si
738 4471 790 4511 non
808 4454 905 4509 dixerit
923 4451 1032 4508 uerbum
1052 4450 1115 4508 illud
1129 4466 1188 4507 cor·

364 4548 428 4608 dis
455 4548 649 4620 iurpoeuitentis
669 4557 762 4604 contra
784 4545 911 4617 Spiritum
927 4552 1047 4599 sanctum
1060 4585 1068 4609 ,
1081 4542 1115 4598 dc
1134 4557 1188 4613 qno

362 4638 492 4698 dictum
507 4647 567 4706 εει,
581 4637 630 4705 Qut
641 4654 692 4693 nott
706 4646 808 4694 sendus
826 4636 900 4707 fuerit
917 4650 949 4689 ea
960 4651 1027 4706 epira
1042 4641 1068 4688 et
1087 4632 1187 4703 Spiritu

364 4728 483 4798 (Jecur.
497 4744 545 4796 ut,
566 4728 606 4798 5);
618 4736 646 4784 ct
664 4726 698 4784 de
718 4741 771 4797 ouo
793 4726 857 4781 item
881 4724 981 4781 dictum
1002 4722 1188 4792 est,deeipite

364 4817 522 4892 &fidium
537 4829 670 4884 sunctum·
689 4819 711 4873 ει·
722 4818 763 4873 cui
773 4817 916 4871 dimiseritis
929 4824 1039 4887 peecata,
1053 4815 1187 4868 dimittun-

364 4918 433 4967 ηε
456 4912 481 4965 el
496 4908 550 4980 (tt.
575 4926 632 4978 xx,
648 4909 695 4981 tt)
709 4927 716 4962 ι
731 4908 757 4965 id
770 4917 820 4976 εει,
833 4909 854 4962 si
869 4907 1102 4979 poenitueriteum,
1116 4905 1187 4962 acci·

361 5000 448 5068 utet
460 5014 514 5072 per
532 5000 584 5057 boe
602 5000 701 5056 donum
723 4999 906 5056 remissionem
926 4998 1044 5053 omnium
1069 5004 1189 5069 peceato-

368 5104 472 5159 ratn,
495 5091 574 5148 simul
586 5100 614 5148 et
626 5091 724 5162 bajus,
737 5090 808 5162 quod
822 5089 932 5144 verbum
945 5089 1010 5144 dixit
1031 5098 1123 5145 contra
1143 5086 1189 5145 ii·

366 5180 460 5239 lium
474 5181 969 5254 borninis;s1uiapeecttoignorantiae
984 5180 1041 5235 siue
1051 5188 1191 5236 contuma-

377 5277 445 5330 eiae
455 5274 498 5329 rel
511 5272 702 5347 cujuscumque
715 5271 905 5344 blasphemia,
921 5287 973 5326 non
984 5271 1084 5326 addidit
1095 5287 1189 5342 pecca·

383 5372 454 5423 tarsa
467 5364 672 5439 impaenitendae
679 5374 771 5421 eontra
781 5362 881 5420 donum
896 5362 941 5417 llei
952 5371 979 5418 ει
994 5363 1105 5433 gratiam
1117 5378 1193 5434 rege·

386 5456 544 5512 secretionis
558 5456 600 5513 rel
618 5455 855 5523 reconciliationis,
870 5469 929 5527 quie
943 5454 972 5509 ct
986 5455 1013 5510 ia
1026 5453 1145 5511 Ecclesia
1165 5455 1193 5511 iu

391 5544 499 5619 Spiritu
513 5558 616 5604 sancto.

435 5636 547 5696 CAPUT
558 5637 629 5694 xtt.
638 5638 725 5695 -tt
738 5636 798 5693 Non
807 5638 864 5694 ideo
872 5636 935 5693 Fiat·
943 5637 1122 5708 ntupterttam
1130 5639 1196 5711 {nsi-

404 5729 535 5805 iissptsmn
548 5731 662 5804 Spiritus
671 5733 780 5797 renuisti,
796 5733 855 5799 puio
873 5731 917 5787 itte
930 5732 1012 5785 ntinor
1021 5740 1057 5787 est
1074 5732 1100 5785 in
1114 5747 1196 5800 nuan-

1101 556 1219 617 SEiibiO
1238 558 1331 618 ml.

1982 588 2034 647 158

1242 679 1349 751 quidam
1359 695 1464 756 putant,
1474 689 1534 746 ideo
1547 693 1648 750 remitti
1658 695 1768 753 verbum
1781 700 1851 773 quod
1861 702 1959 762 dicitnr
1970 721 2034 769 con-

1244 780 1283 828 tra
1295 772 1392 831 Filium
1408 776 1540 850 bominis,
1556 800 1609 841 non
1631 789 1730 845 remitti
1744 802 1833 848 antem
1850 797 1923 866 quod
1940 798 2040 855 dieitur

1241 874 1334 921 eontra
1346 868 1472 938 Spiritum
1484 884 1616 941 sanctum,
1629 880 1690 949 nula
1702 892 1969 958 proptersusceptatn
1978 904 2039 947 car-

1242 969 1304 1010 nem
1314 955 1399 1014 taetris
1413 970 1454 1015 est
1465 962 1549 1019 Filius
1563 965 1820 1032 tromintsclrristus.
1832 991 1884 1046 qnia
1894 992 1975 1036 carae
1987 980 2040 1037 uti·

1241 1058 1294 1115 que
1314 1047 1401 1118 major
1412 1060 1454 1107 est
1468 1051 1583 1124 Spiritus
1598 1068 1724 1124 sanetus,
1746 1064 1791 1133 qui
1808 1067 1955 1126 substantia
1977 1064 2041 1142 pro-

1242 1134 1299 1204 pria
1314 1139 1425 1208 enitatis
1445 1151 1487 1197 εει
1511 1143 1583 1200 Patri
1598 1157 1625 1204 et
1648 1151 1786 1222 arrigenito
1805 1154 1873 1210 Filio
1891 1159 2038 1218 seeundum

1241 1226 1494 1302 ejusdirinitatcm,
1509 1239 1655 1296 secundum
1670 1258 1749 1313 quam
1770 1254 1798 1300 et
1817 1246 1874 1318 ipse
1888 1244 2040 1321 unigenitus

1242 1317 1325 1376 Filius
1339 1324 1503 1394 emollient
1524 1329 1596 1387 Patri
1617 1343 1644 1389 et
1668 1336 1777 1406 spiritui
1799 1349 1902 1397 sancto.
1926 1342 1992 1399 iiam
2015 1346 2039 1402 si

1240 1407 1293 1465 boc
1303 1421 1442 1483 propterca
1457 1416 1557 1475 dictum
1570 1432 1653 1492 esset,
1669 1424 1790 1496 pmiecto
1809 1429 1843 1485 dc
1855 1432 1927 1487 omni
1941 1442 2040 1493 caetera

1240 1502 1405 1574 blasphemia
1419 1518 1562 1582 taceretur,
1575 1524 1604 1571 ut
1614 1518 1670 1575 inec
1684 1521 1740 1575 sola
1754 1523 1921 1581 remissibilis
1932 1528 2038 1585 ridere·

1241 1600 1285 1650 tus
1299 1597 1319 1663 ¹,
1330 1613 1390 1668 quae
1400 1612 1493 1658 contra
1505 1604 1601 1662 Filium
1621 1609 1736 1668 bominis
1748 1612 1863 1682 dieitur,
1879 1620 1954 1687 quasi
1976 1635 2038 1676 citra

1241 1685 1323 1744 bomo
1337 1691 1409 1747 solus
1419 1703 1535 1763 putatur.
1549 1699 1617 1755 Cum
1630 1718 1695 1759 vcro
1709 1707 1876 1777 praemissum
1889 1712 1942 1778 sit,
1957 1711 2040 1770 Onrnc

1240 1788 1392 1848 pacatum,
1412 1795 1435 1838 et
1455 1787 1610 1859 blasphemia
1631 1796 1771 1852 rernittetur
1783 1799 1945 1870 bominibus,·
1967 1807 2039 1877 qrtod

1240 1872 1321 1927 etiam
1334 1876 1403 1945 apud
1413 1878 1494 1934 alium
1505 1887 1693 1956 evangelistam
1706 1891 1741 1944 itu
1753 1894 1868 1961 positum
1882 1903 1932 1960 est,
1944 1897 2038 1953 damin

1239 1963 1395 2021 dimittentur
1406 1970 1469 2035 filiis
1482 1972 1612 2030 boninum
1625 1989 1727 2048 peccata
1740 1992 1764 2036 et
1781 1984 1959 2055 blasphemia,
1979 1993 2039 2062 psi-

1240 2052 1286 2108 ius
1304 2055 1532 2128 blasphemaverint
1552 2080 1562 2118 :
1576 2069 1760 2137 proculdubio
1774 2082 1801 2128 ει
1814 2074 1858 2130 illa
1874 2077 2038 2149 blasphemia

1239 2162 1300 2219 quaa
1318 2159 1409 2207 eontra
1426 2153 1533 2212 Patrem
1547 2156 1662 2226 dicitur,
1678 2162 1728 2217 ista
1743 2169 1916 2236 generalitate
1930 2173 2039 2229 conclu-

1239 2240 1321 2310 ditur;
1334 2255 1362 2301 et
1375 2254 1464 2303 tamen
1477 2248 1534 2305 baec
1548 2252 1605 2307 sola
1615 2253 1809 2314 irremissibilis
1821 2261 1962 2331 delinitur,
1976 2280 2037 2336 quae

1239 2331 1335 2390 dieitur
1347 2344 1441 2392 contra
1454 2338 1581 2409 Spiritum
1592 2354 1724 2401 sanctum.
1737 2346 1933 2419 Numquidnam
1945 2363 1973 2409 et
1986 2355 2041 2411 ea-·

1240 2435 1281 2482 ter
1294 2427 1408 2483 sormam
1422 2432 1492 2486 serti
1504 2434 1621 2503 accepit,
1637 2451 1688 2506 qna
1705 2439 1741 2494 sit
1752 2440 1837 2510 major
1849 2440 1964 2513 Spiritus
1976 2460 2039 2503 saa·
2128 2471 2134 2480 ·

1239 2521 1318 2577 ctnst
1337 2520 1396 2577 Non
1415 2524 1505 2596 utique
1521 2543 1528 2582 ε
1544 2526 1591 2583 sed
1610 2527 1671 2584 ideo
1690 2540 1751 2601 post
1767 2534 1946 2593 universalem
1961 2553 2037 2595 corn-

1238 2616 1460 2672 memnrationem
1484 2619 1602 2675 omnium
1626 2631 1796 2691 peccatorum
1817 2628 1957 2701 omnlstpre
1979 2631 2037 2688 bla-

1239 2703 1382 2777 sphemiae,
1398 2710 1559 2767 eminentius
1571 2713 1653 2770 noluit
1666 2716 1817 2786 exprimere
1829 2719 2036 2793 blasphemiam,

1239 2812 1299 2867 quac
1318 2797 1416 2856 dieitur
1435 2813 1528 2859 contra
1543 2803 1639 2860 Filium
1656 2806 1788 2876 bominis;
1805 2812 1866 2881 quia
1885 2813 1989 2870 etiamsi
2009 2815 2038 2872 ia

1239 2887 1286 2944 illo
1299 2899 1407 2959 peccato
1418 2891 1515 2950 inerint
1524 2895 1646 2953 homines
1656 2898 1775 2971 obligati,
1787 2900 1858 2971 quod
1871 2917 2036 2961 commemo·

1239 2981 1325 3050 tavit,
1338 2983 1383 3039 ubi
1398 2980 1452 3053 ait,
1469 2985 1500 3041 Si
1514 3004 1564 3042 non
1578 2990 1699 3045 uenissern
1712 3002 1736 3047 et
1753 2993 1851 3051 locutas
1863 2997 1899 3051 eis
1915 2997 2036 3070 tuissent,

1239 3083 1369 3143 meatum
1382 3092 1433 3130 non
1446 3076 1566 3134 baberent
1580 3079 1729 3152 (ioan.1u,
1742 3082 1790 3155 tt)
1806 3104 1813 3140 :
1828 3088 1898 3158 quod
1913 3091 1993 3145 etiam
2009 3091 2036 3147 ia

1239 3161 1388 3236 Evangelio
1400 3170 1545 3226 secundnm
1564 3171 1694 3230 ioannem
1722 3176 1799 3233 ratde
1819 3193 1899 3249 granc
1920 3182 2038 3242 ostendis

1239 3269 1301 3311 esse
1313 3269 1469 3327 peceatum,
1492 3261 1537 3317 abi
1555 3262 1593 3317 ait
1613 3262 1647 3319 de
1660 3264 1718 3334 ipso
1730 3265 1829 3336 Spiritu
1844 3279 1954 3340 sanun,
1974 3288 2036 3331 cunr

1239 3360 1301 3403 eum
1316 3363 1346 3404 εε
1356 3351 1499 3406 missurum
1512 3367 1573 3408 esse
1582 3356 1768 3424 promitteret,
1784 3357 1836 3414 itte
1855 3370 1943 3435 aspiret
1961 3381 2037 3421 ntun-

1239 3439 1301 3495 dunt
1320 3442 1352 3497 de
1370 3452 1488 3514 peccam,
1509 3453 1532 3499 et
1550 3444 1708 3518 departitio,
1724 3457 1748 3502 et
1756 3450 1855 3523 judicio
1864 3467 1875 3516 ,·
1891 3454 1922 3508 de
1935 3466 2037 3525 peccato

1239 3534 1357 3606 quidem,
1378 3536 1438 3606 poia
1458 3553 1508 3591 non
1522 3538 1681 3593 crediderunt
1698 3540 1724 3594 in
1743 3558 1783 3597 nte
1796 3541 1850 3616 (id.
1868 3561 1931 3612 xri,
1946 3547 1973 3611 8,
1985 3546 2013 3618 9)
2027 3565 2035 3604 :

1240 3632 1329 3679 umen
1343 3626 1365 3680 si
1378 3640 1432 3681 non
1444 3627 1542 3684 dixerit
1563 3629 1607 3685 illa
1620 3631 1709 3687 cordis
1730 3633 1921 3703 impenitentis
1939 3634 2037 3695 duritie

1240 3716 1351 3772 verbnm
1366 3727 1457 3773 contra
1479 3718 1607 3790 Spiritum
1628 3732 1768 3791 sanetum,
1792 3725 1871 3780 etiarn
1893 3725 1947 3783 boc
1964 3728 2037 3799 quod

1240 3807 1340 3862 dietam
1352 3817 1393 3863 cst
1405 3818 1497 3864 contra
1517 3809 1612 3867 Filium
1625 3813 1740 3871 bominis
1752 3816 1911 3872 retnittetur.

1276 3898 1389 3956 CAPUT
1402 3900 1461 3955 XV.
1475 3931 1511 3942 -
1522 3902 1568 3959 25.
1584 3901 1694 3958 Peccata
1708 3905 1831 3961 dindttere
1843 3908 1918 3963 totitas
1932 3918 1968 3964 est
1978 3909 2037 3965 trt-

1241 3992 1336 4047 nitntis.
1372 3993 1420 4049 llic
1448 3994 1568 4051 ιοειεεειε
1595 3996 1692 4069 aliquis
1714 4007 1836 4071 quamn,
1861 4011 1949 4056 utrntn
1972 4013 2036 4060 taa-

1242 4085 1378 4141 tummodo
1392 4087 1506 4158 Spiritus
1520 4100 1627 4145 sanctus
1639 4101 1749 4160 peccam
1760 4091 1887 4160 dimittat,
1899 4110 1933 4150 aa
1944 4103 1972 4152 et
1984 4095 2037 4151 Pa·

1241 4185 1282 4233 ter
1294 4186 1321 4233 ει
1334 4176 1425 4232 Filius.
1442 4178 1659 4260 Respondemus,
1673 4182 1743 4253 quod
1764 4190 1791 4238 et
1805 4184 1884 4240 Pater
1895 4196 1923 4241 ει
1942 4186 2036 4243 Filius.

1240 4261 1300 4334 lpse
1310 4263 1382 4319 enirn
1395 4263 1477 4319 Filius
1491 4265 1525 4320 de
1539 4265 1617 4322 Patre
1631 4265 1695 4321 dicit
1711 4285 1717 4320 :
1735 4266 1766 4322 st
1780 4268 1923 4324 dimiseritis
1932 4279 2037 4343 peccata

1240 4355 1383 4409 isontinibus
1395 4396 1402 4421 ,
1418 4355 1526 4409 dimittet
1535 4357 1603 4410 uobis
1615 4367 1638 4410 et
1654 4355 1732 4412 Pater
1744 4369 1823 4415 nester
1833 4371 1935 4429 peecata
1945 4372 2036 4416 uestra.

1239 4445 1290 4502 Cui
1309 4460 1359 4501 nos
1373 4462 1479 4519 quinque
1493 4446 1606 4504 dicimus
1621 4447 1647 4504 in
1660 4451 1780 4506 oratione
1791 4451 1942 4521 dominica,
1958 4453 2039 4510 i'ater

1240 4549 1325 4594 noster
1337 4540 1380 4604 aui
1394 4541 1455 4595 esin
1467 4541 1536 4595 coetis
1553 4550 1651 4612 :atqire
1664 4543 1733 4598 iuter
1746 4553 1841 4600 cetera
1855 4553 1883 4601 ει
1903 4546 1952 4602 boe
1968 4547 2038 4619 petl-

1240 4644 1311 4696 mus,
1328 4629 1463 4699 dicentes,
1476 4630 1580 4687 Dimitte
1592 4633 1663 4687 nobis
1676 4633 1758 4689 debita
1771 4646 1857 4691 nonna
1873 4635 1978 4708 (uerit.
1992 4654 2037 4709 ut,

1241 4720 1291 4786 ld,
1305 4720 1332 4785 9,
1347 4721 1404 4793 li).
1419 4721 1458 4778 ile
1473 4737 1502 4778 se
1516 4733 1605 4779 autern
1619 4723 1677 4795 ipse
1687 4725 1746 4779 ait:
1764 4724 1798 4781 tlt
1812 4727 1897 4783 sciatis
1913 4726 1981 4801 quod
1995 4716 2046 4811 itae¹

1240 4813 1296 4869 beot
1315 4815 1398 4870 Filius
1416 4816 1525 4871 leontinis
1543 4806 1690 4889 potestatem
1702 4818 1728 4872 in
1741 4826 1807 4873 terro
1820 4819 1961 4876 admittendi
1981 4839 2040 4894 pet·-

1241 4915 1298 4960 eato
1313 4905 1368 4979 (ld.
1384 4923 1421 4974 rx,
1436 4907 1475 4977 6).
1490 4907 1518 4964 Si
1532 4923 1607 4979 crgo,
1622 4910 1725 4980 inquis,
1740 4920 1768 4966 ει
1778 4910 1859 4967 Pater
1868 4923 1897 4967 ct
1909 4912 1993 4969 Filius
2014 4923 2042 4969 ct

1241 4995 1357 5070 Spiritus
1370 5008 1478 5053 sanctas
1492 4996 1629 5063 dimittunt
1643 5010 1752 5072 peecata
1765 5042 1772 5067 ,
1787 5016 1834 5056 eur
1849 5000 1893 5056 illa
1915 5000 2040 5072 impurii-

1243 5090 1325 5144 tentia
1339 5105 1398 5158 quae
1413 5104 1548 5158 nunquam
1563 5088 1726 5156 dimittetur,
1739 5093 1924 5147 tantummodo
1933 5092 1967 5148 ad
1979 5092 2041 5163 Spi-

1243 5181 1310 5236 ritus
1320 5178 1513 5249 blasphemiam
1526 5179 1625 5234 dieitur
1635 5181 1783 5249 pertinere;
1795 5192 1921 5253 tatrquam
1938 5182 1983 5238 ille
1995 5183 2042 5255 qui

1244 5270 1296 5326 boc
1308 5270 1509 5340 impaenitendae
1524 5279 1635 5342 peccato
1649 5270 1728 5326 inerit
1738 5272 1880 5342 obligatus,
1895 5272 1966 5328 dono
1979 5273 2043 5347 Spi-

1244 5362 1312 5417 ritus
1326 5361 1410 5416 sancti
1423 5360 1549 5417 resistere
1562 5361 1700 5431 videatur,
1715 5363 1787 5434 quod
1806 5378 1839 5419 eo
1850 5363 1922 5419 dono
1936 5366 1981 5421 liat
1998 5381 2044 5422 rc-

1246 5452 1339 5508 uxisslo
1352 5452 1541 5522 peccatorum?
1552 5451 1601 5511 [lbi
1613 5464 1641 5510 ει
1652 5470 1702 5524 epo
1714 5470 1814 5525 otnero,
1825 5465 1913 5511 utrum
1922 5455 2046 5513 cbristus

1245 5542 1357 5615 eiecerit
1369 5543 1516 5611 daenronia,
1532 5560 1566 5603 an
1580 5554 1607 5600 et
1619 5545 1698 5602 Pater
1711 5554 1738 5602 et
1751 5546 1864 5617 Spiritus
1877 5546 2005 5605 sanctus?
2017 5546 2046 5602 st

1247 5638 1319 5694 euim
1331 5636 1513 5694 tantummodo
1525 5636 1663 5705 Christus,
1678 5637 1793 5708 quidest
1807 5636 1877 5708 quod
1890 5637 1946 5706 ipse
1960 5636 2045 5705 dicit,

1251 5729 1331 5786 Pater
1340 5740 1422 5787 autem
1435 5731 1461 5784 in
1473 5746 1513 5784 trie
1524 5745 1646 5795 moneris,
1660 5729 1714 5798 ipse
1723 5728 1784 5799 sarit
1794 5743 1871 5798 opera
1885 5725 1973 5801 (ioan.
1989 5743 2044 5797 ειν,

407 5830 456 5878 turn
484 5826 570 5880 ιοειο.
601 5824 716 5879 Proinde
738 5838 787 5879 uec
799 5821 864 5878 illud
884 5822 1051 5878 seruiendum
1064 5832 1114 5887 est,
1128 5821 1198 5893 quod
1251 5823 1317 5897 llll?
1336 5822 1373 5878 lta
1389 5820 1571 5878 enimdictum
1587 5828 1638 5884 est,
1656 5817 1715 5890 ipse
1728 5819 1789 5891 sarit
1805 5836 1900 5892 opero,·
1921 5828 2045 5893 mamam

437 5960 578 6026 1ιιιιςςριεε
590 5967 616 6009 ει
627 5961 774 6010 ιεεεειεεειε
790 5967 842 6020 tis..
853 5959 963 6024 ειεειιιι
973 5958 1019 6012 ista
1037 5958 1098 6027 perit
1115 5973 1200 6018 eorm.

436 6020 556 6074 'sictut
568 6030 596 6073 ιι
607 6021 676 6084 editi,
689 6021 814 6109 eumatio.

546 6110 684 6172 Parnon.
702 6112 881 6177 xxxviii.

1285 5960 1293 5991 ¹
1307 5957 1374 6014 editt.
1383 5955 1494 6007 menta
1503 5949 1676 6007 irrnntissibt'iis
1686 5949 2048 6018 tidersitrtominogstmd

1253 6021 1344 6072 babeat
1354 6018 1500 6071 tfussateasis
1511 6024 1551 6067 ιιε.
1565 6022 1591 6066 ει
1599 6015 1727 6081 Εεςγειεε.

1703 6101 1881 6187 (Quinte-l
