4759 6684
397 529 465 588 tras

396 657 472 704 trem.
487 646 596 701 llecolat
619 642 740 698 Charitas
753 653 838 698 restra
855 644 1005 699 hesternam
1027 643 1184 709 lectionem,

395 738 500 809 qrrartdo
512 736 633 807 apparuit
646 735 782 805 discipulis
798 735 934 800 Dominus,
950 742 975 788 et
988 743 1144 803 putauerunt
1155 747 1185 787 sc

393 828 515 897 spiritum
538 825 629 881 videre
645 842 651 878 :
668 826 713 880 ille
733 834 821 880 autem
835 825 927 879 rolens
948 825 987 878 eis
1002 824 1070 878 hune
1092 823 1185 878 tollere

393 932 532 984 errorem,
557 918 668 986 prabuit
687 933 715 972 se
740 917 911 987 tangendam.
933 917 1002 983 Quid
1023 916 1107 971 dixit?
1122 916 1184 971 lieri

393 1006 490 1063 lectum
503 1017 543 1061 est
559 1025 566 1059 ι
584 1007 644 1062 iude
657 1007 750 1063 Sermo
770 1005 830 1060 luit.
854 1006 921 1071 Quid
942 1007 1033 1060 turbati
1053 1007 1128 1073 estis,
1144 1008 1184 1061 in-

391 1097 467 1166 quit,
488 1105 510 1149 et
524 1097 685 1167 cogitationes
698 1099 834 1150 uaerulmrt
847 1098 873 1148 ιἰι
893 1112 936 1148 tor
950 1097 1078 1150 uestrum?
1098 1095 1184 1150 Videte

391 1203 481 1242 ritanus
502 1204 569 1240 arem
588 1197 611 1240 et
634 1188 708 1257 pedes
730 1204 797 1241 areos
815 1188 940 1257 :palpate
961 1196 984 1240 et
1005 1187 1085 1240 eidete
1105 1185 1181 1256 (Luc.

392 1293 455 1332 xxiv
468 1320 476 1344 ,
491 1277 596 1349 tit-etl).
611 1277 741 1347 Nnunprid
757 1278 812 1347 jam
828 1277 982 1333 ascenderat
1002 1275 1035 1330 ad
1056 1276 1179 1343 Patrem,

390 1370 496 1439 quaudo
509 1369 623 1437 tlieehat,
641 1369 746 1440 Palpute
761 1379 783 1423 et
796 1369 894 1423 uidete?
910 1368 1013 1422 eruant
1027 1383 1055 1422 se
1070 1377 1180 1438 tangen-

390 1459 453 1513 dum
467 1459 603 1527 discipulis
618 1459 682 1522 suis,
700 1475 751 1511 ntur
768 1456 938 1527 tangendum,
950 1455 995 1510 sed
1010 1454 1178 1526 padpaudum,

391 1557 418 1601 ιιι
430 1548 495 1603 hdes
508 1548 552 1602 hat
567 1564 637 1603 uene
651 1549 748 1610 caruis,
762 1548 816 1601 reri
832 1547 968 1617 eorporis,
985 1555 1012 1599 ut
1025 1545 1180 1601 exhiheatur

389 1640 468 1693 etiarn
491 1638 602 1693 tactibus
626 1637 748 1692 humanis
771 1637 890 1692 soliditas
913 1636 1030 1690 veritatis
1051 1654 1057 1689 :
1079 1635 1180 1705 pnnhet

389 1743 452 1798 ergo
465 1744 494 1783 se
507 1728 664 1798 palpandum
677 1729 797 1783 manilius
810 1727 999 1796 discipulorum
1012 1742 1019 1790 ;
1035 1737 1062 1780 et
1076 1727 1178 1780 nrttlleri

387 1820 469 1886 dicit,
485 1820 548 1874 ltott
566 1838 605 1874 mc
622 1831 741 1891 tangere,
757 1819 868 1873 arottdmu
887 1819 951 1872 enim
963 1818 1064 1871 ascendi
1077 1817 1110 1870 ud
1127 1816 1180 1870 tu-

388 1921 449 1966 trem
464 1930 556 1966 areuna.
570 1912 636 1981 Quid
652 1912 702 1966 sihi
718 1910 793 1965 uult?
807 1910 860 1963 Viri
876 1925 927 1963 nun
953 1917 1095 1978 potueruut
1117 1922 1176 1961 οιιιιι

387 2014 495 2076 tangere
509 2006 558 2059 nisi
572 2007 597 2059 in
619 2015 698 2070 terra,
714 2003 838 2056 mulieres
851 2016 911 2055 eum
928 2000 1059 2054 habebant
1070 2007 1177 2068 tetigere

387 2097 413 2150 io
427 2098 515 2152 coelo?
528 2096 595 2164 Quid
619 2103 661 2150 est
681 2112 743 2165 ergo
757 2084 882 2165 tangere,
898 2092 947 2147 nisi
968 2093 1099 2147 erederet
1112 2091 1177 2145 Fide

386 2188 457 2241 eoim
478 2188 609 2256 tangioms
623 2186 754 2240 Christum
773 2194 820 2240 :ct
841 2185 934 2239 melius
957 2193 997 2238 est
1021 2198 1100 2237 uranu
1123 2197 1175 2254 nou

386 2286 503 2349 tangere,
515 2287 542 2333 et
558 2277 608 2332 tide
623 2287 747 2346 tangere,
760 2291 837 2345 qttam
851 2291 929 2329 manu
945 2275 1068 2344 palpare,
1083 2282 1110 2328 et
1123 2273 1175 2328 ilde

385 2386 437 2424 noo
462 2378 578 2439 tangere.
601 2368 657 2422 Nou
672 2383 794 2438 magmrm
808 2366 858 2420 luit
870 2382 948 2419 mauu
968 2365 1101 2419 Christum
1117 2374 1174 2419 tao-

383 2476 455 2530 gerc.
470 2460 553 2514 ludat
570 2455 824 2528 tetigeruotquaudo
838 2455 1113 2525 eotupreheuderuut,
1132 2465 1174 2510 te·

385 2551 501 2619 ligarunt
518 2538 623 2618 quaudo
648 2549 813 2617 ligaverunt,
839 2548 980 2616 tetigerunt
1001 2546 1107 2617 girando
1127 2562 1173 2600 su·

383 2640 546 2710 speuderuut
560 2658 566 2693 :
581 2641 733 2709 tetigerunt,
744 2648 771 2693 et
784 2638 853 2692 male
867 2636 997 2708 tangendo
1007 2681 1014 2703 ,
1026 2637 1095 2708 quod
1110 2639 1172 2694 teti·

381 2741 486 2801 gerunt,
500 2731 681 2801 perdideruat.
693 2730 836 2800 Tangeudo
847 2731 908 2797 hde,
921 2746 937 2785 ο
953 2730 1069 2786 Ecclesia
1080 2732 1173 2786 catho-

382 2821 447 2887 liea,
463 2822 529 2875 tides
542 2831 567 2876 te
588 2823 686 2876 saluam
701 2821 771 2876 lacit.
785 2821 824 2875 Τιι
839 2829 938 2876 tautum
958 2821 1009 2876 sule
1029 2831 1121 2892 tange,
1145 2823 1171 2878 id

381 2922 438 2980 est,
456 2913 568 2967 lideliter
591 2912 687 2968 aceede
710 2921 735 2968 et
763 2913 873 2967 tirmiter
885 2912 972 2968 erede.
996 2913 1023 2968 Si
1038 2912 1170 2968 Christum

382 3003 563 3056 tautummodo
576 3002 709 3057 hominem
724 3003 867 3071 putaveris,
883 3002 909 3057 io
925 3011 993 3056 terra
1008 3003 1125 3072 tetigisti.
1142 3004 1170 3060 Si

379 3092 514 3146 Christum
528 3093 611 3145 ttenm
625 3092 771 3147 credideris
784 3093 911 3162 aqtralem
931 3093 1020 3158 Patri,
1037 3103 1098 3149 tuuc
1110 3094 1170 3149 teti-

378 3181 438 3250 gisti
453 3181 558 3251 girando
572 3181 691 3237 aseendit
704 3181 736 3236 ad
758 3182 873 3236 Patrem.
894 3183 963 3252 Ergo
982 3184 1102 3239 aseendit
1121 3199 1169 3239 no·

379 3274 437 3338 his,
453 3273 558 3343 giraudo
576 3273 647 3327 illum
663 3283 735 3328 reete
749 3274 928 3344 intelligimus.
943 3274 1031 3329 Semel
1047 3283 1109 3328 ttruc
1124 3275 1168 3329 illo

379 3366 405 3418 iu
421 3373 538 3432 tempore
553 3364 689 3430 ascendit,
704 3364 750 3419 scd
761 3364 840 3419 modo
859 3364 975 3433 qarotidic
993 3364 1123 3419 ascendit.
1145 3364 1168 3420 0

377 3470 456 3525 qtram
472 3455 560 3507 nudtis
576 3454 686 3510 necdum
702 3456 836 3520 aseendit,
852 3464 966 3524 utquam
982 3454 1167 3510 muhisadhue

378 3548 405 3600 io
419 3555 487 3601 terra
498 3547 580 3616 jacet?
588 3548 670 3613 Quam
680 3548 754 3601 nrrtlti
766 3546 856 3603 dicum
870 3564 877 3598 ε
891 3547 976 3601 llomo
987 3545 1035 3601 luit
1044 3547 1166 3617 magnust

377 3640 460 3707 Quam
481 3640 555 3693 uruiti
569 3640 678 3694 dieunt:
697 3640 826 3708 Propheta
844 3638 912 3694 init?
926 3639 1009 3707 Quam
1025 3638 1100 3693 multi
1116 3655 1165 3694 au-

377 3731 488 3785 tichristi
499 3734 667 3795 exstiterunt,
680 3731 723 3801 qui
737 3731 865 3798 dicerent,
876 3739 906 3784 ut
915 3730 1043 3785 Photinus
1056 3749 1063 3785 :
1081 3730 1165 3786 llomo

376 3820 441 3886 luit,
463 3821 520 3890 plus
542 3821 607 3875 nihil
624 3820 732 3883 imbuit:
756 3820 802 3876 sed
817 3835 910 3876 otttaes
925 3820 1047 3876 lromines
1064 3822 1122 3890 pios
1138 3828 1166 3876 et

375 3919 480 3966 sanctos
499 3912 653 3966 excellentia
676 3911 812 3978 sapientiae
833 3919 859 3965 et
878 3911 986 3979 justitiae
1000 3911 1134 3980 superavit
1155 3928 1163 3965 :

375 4017 435 4055 nam
449 4002 518 4056 Deus
531 4017 582 4054 aun
598 3999 688 4055 tutae
703 4001 823 4064 Planina,
838 4001 863 4053 io
875 4010 944 4055 terta
958 4000 1074 4069 tetigisti,
1089 3999 1163 4054 lessi-

375 4091 441 4144 nasti
456 4100 573 4162 tangere,
588 4090 757 4160 praecipitasti
770 4099 795 4144 te
810 4108 816 4143 :
831 4100 857 4144 et
872 4089 932 4145 ideo
945 4089 977 4145 ad
988 4091 1099 4160 patriam
1110 4106 1163 4147 nou

373 4183 536 4251 pervertisti,
552 4183 612 4252 grtia
626 4183 652 4235 io
665 4181 706 4235 ria
723 4180 816 4236 errasti
832 4182 851 4234 ¹.

407 4273 434 4327 5.
449 4272 501 4327 Car
513 4271 625 4326 Christus
638 4272 753 4325 distincte
765 4271 841 4334 dicit,
860 4270 961 4324 Patrem
981 4287 1063 4325 meum
1078 4280 1100 4325 et
1115 4288 1161 4343 pu-

374 4375 434 4417 trem
457 4374 580 4429 oestrum,
604 4373 656 4417 ete.
673 4361 773 4417 Deinde
797 4361 877 4416 teriia
904 4361 987 4431 ipsius
1012 4361 1159 4416 audiamus.

371 4455 485 4509 Ascendo
505 4453 539 4506 ud
559 4452 663 4506 Putrem
682 4469 763 4508 arreum
778 4460 800 4506 et
821 4449 1161 4516 Putrertrucstruor,De1uu

372 4561 453 4598 tarcum
466 4554 489 4597 et
505 4543 585 4598 Derim
600 4554 717 4598 vestiant.
739 4544 827 4609 Quare
847 4558 916 4609 riou,
932 4542 973 4596 hd
988 4542 1092 4596 Patrem
1113 4556 1161 4603 uu-

370 4643 454 4689 strnm
475 4643 502 4688 et
525 4633 606 4687 Deum
622 4644 760 4697 austrum
775 4630 1160 4699 sedctrrttdistitrctiune,1‘u-

370 4732 431 4775 trem
446 4734 564 4777 mentiret
586 4723 688 4776 Patrem
709 4733 815 4776 uestrum
828 4724 841 4776 ?
856 4722 957 4778 Patrem
978 4741 1079 4790 ractttu,
1098 4724 1158 4795 qula

370 4813 463 4866 ruricus
477 4827 535 4865 suta
557 4830 563 4862 :
582 4811 685 4866 Patrem
708 4821 832 4877 cestrota,
853 4815 952 4882 gratia,
978 4830 1030 4870 ooo
1053 4823 1157 4874 natura.

370 4904 474 4959 Putrem
484 4920 567 4957 areum
581 4905 641 4973 quia
665 4904 715 4958 hoe
727 4919 833 4973 semper
845 4904 882 4959 lui
898 4923 904 4958 :
922 4905 1025 4962 Putrem
1038 4918 1156 4978 vestram,

367 4995 428 5066 grtia
451 5010 500 5065 ego
522 5010 569 5048 uos
590 4994 668 5064 elegi.
693 4993 773 5047 Deum
795 5011 876 5048 laterna
891 5005 913 5048 ct
939 4995 1018 5049 Denta
1039 5004 1156 5055 oestrum.

368 5087 443 5143 ttode
467 5087 536 5142 Deus
557 5085 655 5141 Christi
678 5085 777 5140 Pater‘t
791 5084 869 5141 Patet
889 5087 957 5157 ejus,
982 5088 1042 5158 quia
1065 5092 1157 5160 gemtit

365 5193 436 5233 eraut.
450 5177 526 5233 Unde
545 5177 614 5232 Deus
630 5175 704 5246 ejus?
717 5176 782 5244 Quia
804 5185 833 5231 et
850 5177 958 5232 crearit.
980 5177 1076 5233 eeoou
1094 5178 1155 5236 eurit

368 5268 483 5323 Verbum
507 5267 670 5337 unigenitum
683 5283 690 5330 ;
705 5269 805 5322 crearit
819 5280 879 5323 etim
899 5284 932 5324 ex
951 5270 1053 5325 semiue
1073 5272 1154 5327 liarid

366 5359 511 5413 seeundum
530 5373 647 5414 emnem.
667 5359 734 5429 Ergo
748 5368 775 5414 et
801 5359 879 5415 i'ater
893 5360 1010 5429 Christi,
1035 5374 1062 5419 et
1085 5365 1154 5421 Deus

365 5449 462 5502 Christi
478 5467 484 5500 :
501 5449 578 5503 Pater
597 5448 695 5502 Christi
709 5491 716 5514 ,
730 5449 874 5505 seeundum
887 5451 1068 5519 divinitatem;
1084 5455 1153 5512 ltere

365 5539 483 5604 Christi,
510 5539 656 5594 secuudum
683 5541 871 5596 irrhrmitatem.
898 5545 966 5599 dudi
990 5547 1059 5601 uude
1084 5548 1153 5606 Deus

364 5628 481 5696 Christi,
509 5629 640 5684 Psalmum
665 5630 883 5702 interrogemus:
902 5633 941 5689 lie
961 5648 1045 5693 eentrc
1065 5642 1153 5696 armtrir

365 5737 442 5788 arare,
465 5722 565 5792 inquit,
587 5721 656 5775 Dms
668 5739 737 5777 meus
752 5740 776 5777 es
789 5735 815 5778 tu
829 5724 913 5799 (Paul.
927 5744 992 5794 ιιι,
1016 5729 1069 5803 11).
1084 5735 1152 5790 date

396 5854 571 5905 ¹tlurtaeeasis
591 5820 802 5914 ltnstentratium
822 5858 994 5923 praunawe
1011 5864 1046 5916 ud
1069 5868 1152 5921 aeritu-

363 5921 411 5964 tem
420 5923 485 5966 tetra
495 5916 595 5978 cauta
606 5930 652 5967 rtuu
659 5917 795 5981 generasti.
806 5919 895 5972 tteirtdc
905 5922 985 5987 acr'tu,
999 5936 1045 5979 etc.

1015 527 1034 584 S
1064 527 1242 584 accusetrtt
1263 531 1411 589 eetscet‘t

1965 550 2025 608 tttt

1240 655 1358 701 uentrem
1379 646 1471 704 matris
1484 649 1551 705 me'as
1571 651 1651 708 l‘ater
1670 669 1763 724 orcus,
1776 655 1811 714 de
1833 670 1928 716 relatae
1941 666 2023 720 untur

1239 749 1305 789 orem
1320 737 1388 791 Deus
1402 753 1486 794 naeus.
1501 739 1588 807 Quare
1605 752 1709 813 ergoet
1728 746 1763 801 ibi
1778 747 1916 805 distinctio
1927 792 1937 818 ,
1950 764 2021 822 pota,

1240 824 1343 881 Patrem
1361 845 1444 883 areum
1458 841 1481 885 et
1492 830 1596 887 Putrem
1608 838 1737 892 vestrum?
1752 839 2020 914 mediatoremque

1237 915 1314 971 aliter
1329 918 1405 973 Pater
1418 920 1546 990 unigeniti
1562 923 1640 988 Filii,
1654 914 1732 981 aiiter
1743 927 1822 984 Pater
1833 941 1926 985 uester
1939 951 1945 985 ε
1960 935 2020 990 illius

1238 1003 1316 1059 Pater
1329 1023 1376 1076 per
1390 1020 1531 1076 uatttram,
1551 1022 1642 1067 auster
1653 1029 1702 1084 per
1715 1018 1839 1086 gratiam.
1860 1020 1955 1075 Dclruit
1965 1039 2019 1093 erga

1235 1092 1334 1158 dicere,
1350 1098 1385 1150 ad
1398 1097 1501 1153 Patrem
1511 1118 1593 1157 arreum
1606 1114 1628 1158 et
1642 1104 1747 1161 Putrem
1760 1119 1885 1178 vestram,
1896 1123 1933 1179 et,
1947 1091 2025 1172 litum

1236 1194 1366 1241 oestrum.
1381 1189 1447 1254 Quia
1464 1191 1695 1260 pausantium,
1709 1198 1732 1251 si
1747 1199 1783 1253 sit
1807 1200 1898 1265 Deus,
1921 1213 1947 1257 et
1967 1205 2015 1261 idea

1234 1272 1350 1342 Christi,
1364 1276 1425 1345 qrtia
1439 1286 1466 1332 et
1485 1290 1608 1336 creatura
1628 1283 1750 1339 Christus
1771 1289 1920 1345 seeundum
1943 1291 2015 1349 hirud-

1235 1378 1294 1417 uem
1313 1383 1318 1417 :
1337 1366 1413 1420 later
1427 1366 1524 1423 Christi
1537 1370 1675 1442 distinete,
1690 1392 1751 1445 qum
1764 1388 1873 1434 creator
1886 1380 2013 1450 Christus;

1235 1452 1303 1509 Deus
1316 1453 1434 1523 Christi,
1448 1474 1530 1529 quare
1540 1463 1682 1532 distincte,
1698 1481 1757 1521 cum
1773 1471 1922 1525 securrdum
1938 1473 2012 1530 houd-

1234 1558 1293 1597 uem
1316 1556 1437 1602 ereatura
1451 1549 1591 1619 Clitisms,
1607 1564 1726 1609 creatura
1740 1566 1767 1611 et
1789 1561 1859 1614 tros?
1874 1562 2010 1620 Seeumm

1233 1631 1366 1689 huminem
1380 1635 1501 1693 Christus
1523 1641 1614 1711 titique
1628 1659 1740 1712 seruus,
1757 1649 1869 1717 [ortuum
1881 1653 1944 1705 serti
1954 1657 2010 1708 mi·

1231 1724 1317 1793 piens,
1330 1725 1404 1794 juxta
1428 1729 1584 1798 Apostolum
1598 1732 1727 1804 (Philipp.
1743 1752 1780 1801 u,
1805 1740 1843 1808 1).
1861 1740 1946 1808 Quare
1958 1761 2012 1819 ergo

1231 1813 1312 1868 [letam
1326 1830 1443 1871 attentaret
1461 1818 1540 1873 iteum
1553 1832 1660 1877 oestrum
1674 1826 1707 1880 ihi
1729 1826 1876 1883 distinete?
1897 1831 2012 1890 distinete

1230 1907 1318 1975 plane.
1342 1908 1395 1962 Nos
1408 1911 1478 1965 enim
1492 1927 1584 1968 trutines
1598 1915 1668 1971 licus
1680 1927 1772 1972 nester
1787 1935 1835 1989 per
1851 1926 2012 1993 propaginem

1231 1999 1330 2065 peccati
1351 2000 1471 2055 tenuavit
1488 2003 1552 2058 :ille
1564 2013 1590 2058 et
1614 2005 1693 2061 laonio
1711 2008 1789 2063 aliter
1811 2009 1899 2067 lactus
1912 2025 1960 2069 est
1972 2016 2013 2073 llle

1229 2087 1262 2141 de
1277 2088 1378 2159 uirgine
1397 2101 1474 2147 natus
1494 2104 1535 2149 est
1550 2097 1557 2125 ¹
1575 2114 1581 2149 ε
1597 2096 1670 2150 illum
1692 2100 1788 2154 mulier
1810 2117 1866 2156 ιιοιι
1881 2109 2012 2174 cartennis·

1228 2178 1330 2245 eendo,
1348 2181 1394 2235 sed
1409 2183 1542 2238 eredendo
1556 2188 1686 2255 concepit.
1703 2187 1748 2243 lllc
1764 2193 1937 2261 propaginem
1957 2212 2012 2265 pee-

1227 2269 1278 2322 cati
1300 2271 1430 2326 calidam
1454 2289 1505 2328 uon
1522 2277 1609 2330 traxit.
1623 2277 1677 2332 Nus
1697 2294 1792 2336 ornaes
1814 2299 1863 2352 per
1885 2296 2012 2354 peeettuta

1227 2362 1281 2413 nati
1295 2375 1405 2417 sarnus:
1422 2365 1465 2419 ille
1480 2367 1536 2419 siue
1550 2379 1658 2436 peccato
1673 2380 1824 2437 natusest,
1846 2378 1892 2445 qui
1913 2394 2012 2448 peccata

1226 2451 1371 2506 rrutudavit.
1387 2455 1455 2525 Ergo
1469 2466 1497 2511 et
1507 2459 1540 2511 ihi
1551 2459 1695 2526 distinctio,
1708 2462 1788 2516 llenur
1803 2479 1925 2524 interimet
1939 2469 2012 2526 Dens

1225 2550 1342 2594 vestrum.
1358 2544 1396 2597 Ex
1416 2547 1518 2603 seutiae
1535 2552 1605 2604 eo‘m
1616 2552 1697 2606 creati
1710 2559 1794 2618 estis,
1810 2571 1843 2611 ex
1862 2564 1978 2615 masculo
1989 2574 2012 2619 et

1226 2629 1332 2697 lomina,
1346 2649 1378 2689 cx
1393 2638 1605 2706 eorreupiseeutia
1620 2643 1708 2697 earnis
1722 2646 1834 2700 vertistis
1846 2663 1907 2702 eum
1923 2665 2013 2721 propa·

1223 2722 1284 2792 gine
1311 2728 1429 2792 peceati,
1452 2729 1660 2801 tptihusctnntpre
1674 2732 1810 2806 Scriptura
1837 2739 1902 2794 dicit
1925 2758 1932 2792 ε
1956 2741 2012 2805 Quis

1224 2813 1331 2866 arundus
1344 2815 1370 2868 iu
1382 2828 1514 2886 corisprctu
1527 2820 1590 2873 tue?
1606 2821 1659 2875 Nec
1671 2823 1774 2891 iusum,
1793 2827 1870 2895 cnjus
1882 2830 1956 2882 arrius
1967 2831 2012 2885 titt

1222 2908 1318 2958 estoito
1331 2917 1510 2976 superterram
1526 2909 1594 2982 (tot.
1607 2928 1660 2977 ιιι,
1676 2914 1703 2978 1,
1714 2931 1766 2968 rec.
1784 2916 1882 2989 thlt).
1900 2920 2012 2991 tteotpu

1221 3008 1283 3049 cum
1305 2995 1446 3053 intantihus
1468 3002 1599 3067 curritur,
1615 3012 1643 3057 ιιι
1664 3005 1785 3060 solvatur
1808 3009 1863 3063 illis
1877 3011 1947 3080 atiud
1963 3028 2010 3067 aaa

1221 3087 1335 3142 virendo
1354 3088 1527 3158 addiderunt,
1543 3094 1590 3148 scd
1615 3095 1686 3163 quod
1709 3098 1846 3154 nascemlo
1869 3110 2009 3160 trasenna.

1220 3174 1278 3230 Nou
1304 3177 1343 3231 sic
1364 3176 1494 3234 Christus.
1520 3179 1602 3234 Deam
1625 3199 1707 3237 aunan
1729 3195 1753 3238 et
1777 3184 1861 3241 Deum
1885 3202 2010 3248 nestram:

1222 3265 1303 3319 licum
1325 3284 1425 3335 araim,
1450 3279 1556 3339 propter
1572 3272 1774 3330 similitudinem
1788 3279 1881 3334 caruis
1897 3286 2008 3351 pecmti;

1220 3357 1301 3413 Deum
1315 3370 1431 3425 uestram,
1448 3372 1556 3432 propter
1568 3379 1674 3419 carerem
1687 3369 1799 3436 peceati.

1254 3450 1281 3506 6.
1295 3449 1438 3506 Conclusio.
1450 3452 1592 3527 llaeusque
1601 3454 1636 3511 dc
1648 3457 1763 3514 lectione
1776 3464 1942 3533 evangeliea,
1955 3481 2008 3536 aaa

1218 3543 1333 3612 pertinet
1351 3544 1384 3598 ad
1408 3547 1630 3602 resurrectionem
1653 3549 1776 3618 Domini,
1802 3568 1885 3622 arram
1909 3558 2008 3628 scripsit

1217 3632 1333 3688 ioannes
1356 3636 1535 3705 evangelista,
1557 3653 1708 3694 sermonem
1731 3639 1830 3699 iecisse
1854 3648 2006 3704 sulleeerit:

1217 3734 1357 3794 propterea
1372 3725 1433 3794 quia
1457 3727 1575 3796 legendae
1598 3740 1676 3783 eruut
1696 3730 1756 3785 aliua
1780 3732 1913 3793 lectiones
1931 3739 2007 3808 ipsius

1217 3815 1353 3886 Evangelii
1383 3815 1492 3873 Juaoois
1519 3818 1553 3874 de
1582 3820 1638 3889 ipsa
1670 3826 1870 3882 resurreetione
1896 3829 2006 3885 uomitu.

1217 3907 1300 3962 Nemo
1318 3909 1388 3964 euim
1403 3911 1437 3965 de
1457 3914 1651 3969 resurreetione
1665 3919 1723 3981 ejus
1738 3920 1876 3988 eopiosius
1897 3925 2005 3981 narrarit

1215 4013 1294 4068 quatu
1310 4009 1416 4055 sanetus
1427 4000 1553 4069 destrues,
1568 4004 1602 4058 ita
1614 4015 1644 4060 ut
1654 4022 1706 4061 uoo
1718 4008 1763 4064 die
1775 4011 1827 4082 legi
1841 4028 1894 4068 oon
1908 4019 2003 4085 possit:

1215 4088 1261 4143 sed
1276 4089 1372 4159 legitur
1384 4099 1411 4145 et
1424 4091 1487 4158 alio,
1500 4093 1596 4164 legitur
1608 4104 1635 4150 et
1649 4099 1736 4166 tertio,
1749 4115 1892 4174 tpuousque
1906 4106 2005 4163 halatur

1215 4178 1340 4248 quidquid
1355 4188 1382 4235 et
1396 4179 1512 4237 loannes
1525 4194 1632 4240 sanctus
1647 4186 1681 4242 de
1695 4188 1799 4245 nonunt
1814 4197 2004 4256 resurrection

1214 4267 1330 4337 scripsit.

1446 4383 1564 4441 sttttlto
1582 4386 1717 4445 echtttt
1731 4391 1779 4462 (a).

1420 4500 1446 4544 tu
1457 4494 1545 4548 diebus
1556 4498 1713 4561 maldras,
1725 4515 1792 4553 xuu.

1247 4595 1288 4651 De
1300 4597 1352 4650 aliu
1365 4598 1470 4652 lecticae
1479 4599 1610 4673 Evangelii
1619 4602 1737 4674 ioannis,
1748 4622 1808 4678 cup.
1820 4625 1867 4678 xx,
1883 4613 1970 4671 test.

1249 4729 1274 4781 l.
1284 4729 1440 4784 Resurrectio
1447 4741 1590 4801 expuatuor
1597 4733 1740 4806 Eaurrgetih
1750 4741 1865 4795 recitata.
1876 4744 1999 4803 itesam·

1211 4821 1263 4875 ctio
1271 4821 1529 4878 oomtntnostrttesu
1537 4822 1634 4880 Christi
1641 4828 1786 4884 seeundum
1795 4835 2000 4908 scritatemgm·

1211 4912 1503 4980 tuorEvuagelistarum
1514 4915 1641 4970 hesterno
1651 4917 1695 4973 die
1707 4919 1999 4997 videturesseeomple·

1211 5000 1338 5055 tal‘rimo
1347 5002 1466 5058 ertimdie
1478 5003 1546 5058 lecta
1558 5016 1600 5058 est
1612 5010 1998 5073 resurrectiesecuodurnflat-

1210 5095 1318 5157 thaeum,
1329 5093 1432 5149 aliodic
1442 5095 1586 5150 seeundum
1594 5096 1702 5166 eremn,
1713 5102 1791 5156 tertio
1799 5103 1996 5165 dissecando·

1211 5184 1339 5251 hiarcam,
1351 5195 1456 5256 quiarto,
1469 5187 1546 5242 idest
1560 5189 1685 5246 lrcstcroo
1696 5193 1845 5250 secundum
1857 5196 1996 5257 Jeanoen.

1208 5275 1260 5332 sut
1272 5278 1552 5346 queniatnloaaooset
1560 5281 1686 5337 Lucasdc
1696 5281 1753 5353 ipsa
1763 5293 1964 5348 resurrectione
1972 5303 1998 5348 ct

1208 5368 1441 5438 quaeeontigeruut
1452 5378 1510 5439 post
1520 5373 1752 5441 resurrectionem,
1760 5375 1875 5446 plurima
1886 5383 1998 5453 scripe-

1236 5569 1313 5616 ¹tres
1323 5574 1457 5630 sequentes
1467 5579 1567 5626 uersus,
1580 5571 1623 5632 gart
1634 5570 1659 5618 vt
1695 5571 1749 5621 orio
1760 5573 1920 5635 exederant,
1930 5589 1994 5627 ιιιαι

1204 5628 1289 5677 (ιοςιιιιι
1309 5629 1372 5677 torte
1390 5628 1515 5691 exemptor
1533 5629 1643 5692 legenti,
1679 5644 1709 5681 uc
1725 5642 1890 5696 remanetur.
1901 5638 1995 5702 diegus

1204 5691 1292 5752 passlru
1304 5697 1384 5738 errata
1394 5691 1547 5752 ctnriguotur
1558 5704 1591 5740 ex
1602 5693 1777 5754 mousmiptls

1235 5750 1272 5812 (a)
1284 5752 1413 5814 augustino
1430 5753 1557 5801 restitutus
1578 5765 1643 5802 outre
1660 5754 1763 5815 tirimaco
1773 5767 1806 5804 cx
1819 5759 1900 5807 reteri
1914 5758 1993 5809 cattioe

1204 5812 1486 5861 manumissurus.
1502 5813 1583 5861 oecis
1599 5813 1624 5862 lu
1640 5813 1776 5865 toettsalem
1797 5817 1832 5867 de
1849 5821 1921 5868 tlt-he.
1943 5824 1994 5869 that

1203 5872 1260 5923 olim
1272 5876 1336 5922 inter
1346 5880 1474 5923 sermones
1483 5871 1612 5943 fulgentii,
1620 5876 1841 5928 sedooratlemum
1850 5879 1926 5942 tostos
1935 5892 1992 5944 ope·

1203 5948 1257 5985 rum
1268 5934 1373 5984 editione
1385 5932 1515 5985 collocatur
1526 5947 1550 5984 ιιι
1565 5938 1770 6001 supputationem
1781 5941 1927 6004 aprpoottoe.
