4759 6684
381 556 445 614 ludi
1044 554 1161 611 santio
1178 553 1316 612 CCXLlX.
1945 559 2013 617 lttis

379 673 486 742 pluralia·
498 678 526 725 ct
540 668 697 734 intellectus.
712 669 815 725 consilii
827 677 854 723 ct
867 668 1035 732 touirnututs.
1050 668 1170 724 scientiae
1226 685 1279 725 uon
1303 669 1454 725 nominatur
1472 668 1600 736 dentem
1622 683 1656 725 nc
1678 668 1857 742 intelligantur
1868 670 1919 729 soli
1931 672 2009 740 burri,

377 773 405 819 ct
419 762 539 832 pietatis,
560 759 659 829 Spiritu
681 759 785 816 timoris
798 756 845 815 bei
860 755 941 828 (isui.
959 774 998 823 rt,
1011 757 1040 826 Ξ,
1055 758 1095 827 ὅ).
1110 757 1171 814 istra
1225 777 1278 815 uon
1300 760 1453 815 nominatur
1470 761 1588 826 sinistra,
1604 777 1638 818 nc
1657 762 1838 832 intelligamur
1853 763 1905 819 soli
1928 766 2012 821 ruali·

377 863 481 923 septem
495 851 665 921 operationes
678 847 867 905 commendant
887 850 1040 921 septenario
1058 862 1171 906 numero
1224 867 1289 922 orgo
1303 852 1426 921 permixti
1447 852 1510 909 boni
1524 863 1551 909 et
1565 854 1637 909 mali.
1653 853 1687 908 lit
1702 854 1767 910 retia
1781 868 1836 927 pra
1847 856 2015 915 multitudine

377 947 505 1018 Spiritum
518 953 660 1008 sanctum,
675 945 720 1013 uui
739 944 815 1013 qussi
830 942 995 999 descendeus
1006 942 1040 999 ad
1054 957 1114 1010 nos,
1129 942 1171 998 in·
1224 941 1425 1014 rumpebantur.
1445 943 1532 1015 Rupta
1555 946 1620 1001 rctiu
1641 945 1792 1016 significant
1805 945 2015 1004 scltismats.lli·

376 1039 440 1108 cipit
452 1053 467 1092 a
481 1037 628 1107 sapientia,
648 1034 705 1089 linit
717 1034 751 1089 erl
766 1037 899 1089 timorem.
911 1033 964 1089 Nus
974 1042 1169 1089 autemasceu-
1223 1034 1328 1101 demus,
1343 1035 1383 1091 sic
1395 1043 1445 1100 est,
1460 1036 1500 1091 sic
1514 1036 1554 1090 dt.
1569 1035 1714 1106 implentur
1727 1037 1829 1107 uarigia
1841 1036 1895 1092 duo
1908 1047 2016 1109 propter

376 1131 471 1187 dentes
494 1128 634 1197 incipimus
652 1141 666 1179 a
687 1126 801 1191 timore,
822 1125 975 1195 perficimur
987 1126 1013 1180 iu
1028 1124 1168 1195 snpientia.
1223 1126 1336 1196 populos
1351 1125 1419 1183 dnus
1436 1126 1470 1181 de
1483 1127 1686 1183 circumcisione
1704 1137 1728 1182 et
1749 1128 1880 1199 preputio
1899 1147 1907 1184 t
1928 1138 1956 1185 ct
1975 1131 2015 1186 sic

377 1221 484 1277 initium
495 1219 568 1277 enirn
580 1218 709 1289 rapientia
723 1218 797 1271 rimor
808 1216 911 1271 Dnudui
927 1216 1021 1287 (decli.
1033 1233 1054 1281 t,
1068 1215 1125 1285 16).
1140 1215 1169 1272 st
1224 1218 1385 1290 implentur,
1405 1227 1433 1272 ut
1450 1230 1623 1289 premantur,
1646 1228 1675 1276 ct
1693 1236 1761 1290 pene
1780 1230 1943 1294 mergantur.
1958 1222 2015 1280 lioc

375 1328 440 1383 ergo
457 1311 559 1382 Spiritu
573 1324 641 1380 opus
652 1318 694 1365 est
705 1317 736 1365 ιιι
749 1308 790 1364 lex
805 1306 889 1377 possit
905 1306 1025 1377 impleri,
1041 1305 1169 1362 accedant
1222 1310 1292 1380 quau
1315 1311 1455 1381 signillcat,
1469 1312 1629 1382 gemaudurn
1650 1323 1701 1369 est.
1725 1312 1816 1371 Turba
1832 1315 1947 1371 turbarit
1960 1315 2012 1374 nc-

375 1415 479 1477 septem
492 1403 526 1459 ad
538 1402 647 1464 decern,
671 1401 699 1455 ιιι
719 1412 845 1455 uumerus
862 1398 955 1455 decern
970 1406 998 1455 et
1013 1407 1124 1469 septem.
1139 1396 1167 1453 Si
1222 1401 1341 1456 elesiuur.
1353 1400 1438 1468 Quam
1452 1418 1576 1472 magnum
1594 1419 1735 1460 numerum
1753 1404 1874 1462 iecerunt
1887 1406 1958 1462 mala
1972 1407 2013 1463 ri-

375 1504 515 1565 compotes
535 1493 569 1548 ab
589 1508 642 1548 uuo
665 1505 749 1561 usquc
768 1490 801 1544 nul
821 1488 915 1545 decom
927 1496 955 1545 et
968 1496 1086 1559 septem,
1102 1488 1170 1543 liunt
1222 1501 1326 1558 rentes,
1342 1503 1491 1562 proruentes
1502 1502 1530 1549 el
1540 1502 1679 1566 gementes
1694 1494 1724 1548 ¹l
1737 1494 1790 1551 Sed
1805 1505 1913 1566 propter
1926 1496 2014 1568 pisces

375 1595 484 1643 centum
500 1582 690 1654 qoirrqnogiutn
712 1589 739 1636 et
760 1589 825 1636 tres.
851 1578 908 1635 Non
929 1594 997 1650 opus
1016 1587 1058 1634 cst
1078 1578 1169 1634 omnia
1222 1582 1308 1639 bonos
1330 1598 1382 1638 uon
1405 1594 1467 1639 sont
1485 1599 1572 1640 mersa
1591 1585 1707 1656 navigia.
1730 1585 1897 1643 bisseramus
1916 1587 2013 1642 ‘illam

376 1694 448 1734 nunc
462 1690 613 1740 neumare,
628 1672 697 1743 aprrd
713 1688 761 1728 ros
773 1680 913 1727 numerate
928 1688 935 1724 :
950 1671 989 1725 sic
1002 1677 1167 1740 computate,
1223 1672 1396 1742 procationem
1410 1675 1580 1730 nouissimam
1605 1686 1666 1746 pust
1685 1676 1918 1733 resurrectionem.
1930 1676 2014 1733 Halos

375 1789 458 1831 arnum
470 1782 497 1845 pt
509 1771 562 1827 duo
572 1780 599 1825 et
612 1770 660 1824 triu
672 1778 700 1823 et
712 1776 826 1838 puratuor
838 1775 900 1821 suut
913 1765 1015 1820 decern.
1028 1763 1169 1832 Quourodo
1223 1765 1258 1821 ibi
1273 1767 1377 1833 nullus,
1400 1781 1494 1838 inagna
1509 1767 1649 1836 ιοιιιιιιιι,
1667 1766 1713 1824 sed
1728 1767 1749 1821 si
1764 1767 1849 1824 bunos
1860 1767 1923 1824 eris.
1942 1767 2014 1825 luter

375 1868 469 1924 decern
483 1875 636 1921 suntunum
647 1860 772 1918 etduuct
788 1859 837 1913 tria
853 1866 881 1914 ct
898 1866 1023 1928 quatuor,
1047 1855 1087 1912 sic
1100 1853 1169 1911 adde
1223 1859 1307 1913 maleus
1319 1867 1405 1914 estote
1418 1859 1498 1927 boui,
1517 1866 1545 1914 et
1564 1860 1640 1915 eritis
1659 1859 1717 1916 sinc
1736 1861 1814 1918 malis
1830 1861 1903 1918 boni.
1919 1861 1948 1917 ln
1963 1863 2014 1918 ista

375 1969 488 2015 ceteros
509 1970 635 2011 nurnexos
655 1969 739 2022 usquc
750 1951 783 2006 ad
799 1952 891 2007 decem
903 1960 929 2005 et
941 1959 1044 2020 septem
1062 1956 1112 2004 :et
1128 1947 1170 2001 in·
1221 1950 1367 2018 piscatione
1381 1951 1503 2022 estquod
1518 1951 1676 2008 moveamini
1690 1970 1698 2007 z
1714 1953 1783 2009 iuter
1803 1954 1887 2010 malos
1905 1954 2014 2011 estiu0

376 2049 452 2105 renis
465 2061 605 2102 numerum
620 2058 724 2100 sacrum
740 2041 856 2099 lideliuur
869 2051 949 2112 atque
969 2050 1122 2097 sanctorum
1141 2039 1168 2094 iu
1221 2039 1267 2110 qui
1281 2039 1395 2096 lidelircr
1406 2056 1450 2096 me
1461 2040 1569 2107 auditis,
1580 2057 1598 2097 o
1608 2057 1655 2097 ros
1668 2042 1701 2097 ad
1713 2059 1780 2115 quos
1794 2059 1848 2099 non
1861 2044 1930 2115 perit
1941 2042 2013 2115 quod

1222 2130 1293 2198 uno,
1309 2146 1326 2185 o
1339 2146 1385 2186 ens
1397 2129 1615 2201 quibusrerbum
1627 2147 1680 2188 non
1695 2149 1742 2204 per
1756 2149 1835 2190 aures
1847 2135 1951 2200 nausis.
1964 2134 2013 2193 sod

1222 2225 1249 2281 in
1262 2239 1309 2281 cnr
1321 2222 1469 2292 descendit,
1484 2239 1502 2280 o
1519 2240 1567 2281 ros
1587 2226 1631 2295 spu
1650 2218 1712 2295 'plns
1725 2226 1824 2283 timetis
1842 2227 1911 2282 male
1924 2227 2014 2284 virere

1221 2330 1301 2387 quam
1315 2315 1385 2371 mule
1398 2314 1465 2370 uteri
1479 2315 1558 2386 :qnia
1571 2314 1593 2370 si
1606 2314 1674 2372 bene
1685 2315 1791 2384 rixeris,
1802 2316 1872 2372 male
1881 2317 1949 2372 rnnri
1959 2331 2013 2373 uon

1223 2406 1322 2476 poteris
1342 2407 1353 2437 ⁸
1375 2425 1382 2460 ε
1404 2422 1452 2463 ros
1467 2422 1531 2478 ergo
1545 2407 1591 2477 qui
1610 2421 1654 2462 me
1667 2400 1784 2475 auditio,
1808 2416 1838 2464 ut
1857 2423 1911 2464 non
1925 2408 2013 2465 solunt

1222 2498 1348 2565 credatis,
1360 2497 1406 2554 sed
1419 2499 1498 2553 ctiam
1509 2498 1577 2553 bene
1590 2498 1700 2562 uitatis:
1713 2499 1794 2555 virito
1807 2499 1892 2567 bene,
1904 2507 1931 2553 et
1943 2500 2014 2555 inter

376 2141 530 2200 eoelmtibus
545 2154 605 2196 ctum
620 2137 732 2194 Doruiuo
747 2135 906 2191 futurorum.

599 2291 714 2350 81111110
732 2288 857 2348 ccxilx
872 2293 881 2313 ·
897 2287 947 2361 (u).

599 2412 624 2457 tn
635 2405 723 2456 diebus
732 2402 892 2462 malibus,
904 2414 947 2451 xx.

441 2509 480 2569 be
490 2512 577 2569 mum
597 2509 700 2564 lectione
714 2517 738 2562 et
756 2507 787 2560 ds
800 2505 899 2562 duabus
911 2503 1101 2578 pixstioeibus.

414 2650 440 2705 1.
462 2645 574 2701 Piscrtio
591 2646 666 2716 jussu
685 2639 787 2694 beurim
806 2638 990 2712 [numdoplcn.
1011 2636 1168 2692 Audivimus

379 2736 572 2809 Erangelium,
595 2729 818 2803 quemadmodum
840 2726 967 2783 Dominus
990 2725 1088 2790 Jcsrrs.
1109 2735 1170 2798 post

378 2810 601 2888 resurrectionem
634 2821 756 2894 apparuit
784 2818 921 2891 discipulis
947 2818 1111 2890 piscantibus
1135 2817 1169 2874 ad

379 2937 453 2980 utare
462 2916 619 2975 Tiberiadis.
630 2913 743 2984 mundo
752 2929 800 2970 eos
812 2912 915 2967 roravit
926 2911 1052 2984 primum,
1065 2911 1171 2967 dixerat

378 3012 420 3070 eis
435 3030 442 3067 ε
460 3007 548 3065 Venite
560 3016 615 3078 post
628 3022 677 3071 me,
693 3013 716 3059 el
728 3005 821 3076 socium
835 3019 879 3058 ror
893 3003 1028 3074 piscatores
1041 3003 1170 3057 lunanum

379 3099 485 3172 (Nullis.
499 3115 537 3169 rr,
550 3095 606 3170 19).
622 3095 655 3152 Et
669 3105 732 3150 tunc
743 3094 849 3165 qrridcm
864 3091 970 3165 prendo
984 3093 1070 3149 vocati
1084 3080 1146 3149 sunt
1160 3135 1168 3156 ‚

379 3190 483 3263 adeius
497 3187 607 3245 uerbum
629 3186 763 3240 mittentes
787 3183 873 3252 retia,
898 3191 1027 3253 cepemnt
1046 3197 1170 3254 magum

379 3282 575 3341 multitudinem
595 3279 723 3350 piscium
738 3277 786 3335 scd
801 3289 927 3332 cromerus
940 3291 994 3332 non
1011 3283 1053 3332 est
1071 3274 1167 3332 dictus.

379 3374 481 3433 lleirule
503 3376 530 3428 iu
553 3373 610 3442 ipsa
632 3368 777 3442 piscatione
792 3368 889 3437 prium,
905 3382 958 3423 nou
981 3368 1020 3423 eis
1041 3366 1168 3437 dixerat,

380 3466 474 3522 ttirtire
486 3473 537 3518 rete
550 3462 577 3516 in
592 3460 719 3527 όιφιιιιιι
732 3467 829 3528 portent
840 3473 849 3512 :
863 3455 911 3513 sed
925 3465 1027 3513 tantum
1042 3456 1167 3527 dixerat,

378 3532 492 3619 'llittitm
508 3567 567 3618 nec,
591 3550 619 3604 lu
641 3547 778 3606 dexteram
798 3545 882 3613 dixit;
904 3560 963 3615 nec,
978 3546 1007 3603 ln
1020 3547 1166 3604 sinistram.

377 3644 480 3717 captus
493 3652 535 3699 cst
553 3652 642 3696 autom
657 3645 745 3693 lautus
766 3636 877 3707 piscium
895 3652 1031 3705 numerus,
1050 3646 1082 3694 ut
1097 3646 1170 3695 estet

377 3732 438 3797 siue
450 3747 571 3794 numero,
584 3738 611 3785 et
623 3736 731 3785 onerata
748 3737 810 3784 sunt
823 3726 923 3799 nauigia
937 3742 1041 3784 eorum.
1055 3726 1089 3783 lu
1103 3742 1169 3799 quo-

377 3824 459 3882 modo
470 3830 578 3878 onerata
589 3818 669 3875 suntl
683 3818 726 3875 Sic
741 3817 856 3889 loquitur
866 3816 1049 3889 Euangelium,
1065 3815 1170 3888 lltperxs

378 3923 549 3985 nterpsrentrrr
563 3910 636 3979 (trs.
648 3925 673 3975 r,
690 3909 779 3977 1-11).
790 3909 867 3964 'lunc
878 3908 919 3964 eis
930 3908 1000 3963 dixit
1011 3907 1083 3980 quod
1093 3924 1168 3965 cour·

378 4004 534 4070 memorari,
554 4000 640 4057 lenite
659 4010 715 4072 post
739 4016 797 4066 nte,
821 4009 845 4054 et
864 4000 956 4069 {adura
974 4015 1018 4056 ros
1033 4000 1169 4072 munterte

378 4096 517 4153 seminent.
535 4091 576 4149 dd
594 4093 651 4163 ipsa
666 4091 731 4146 rclia
751 4090 926 4160 portumnus,
947 4105 1040 4146 snmus
1060 4091 1167 4162 pridem

377 4184 434 4245 iliis
452 4186 553 4242 retibus
567 4182 654 4254 capti;
671 4181 717 4238 sod
738 4196 790 4237 nou
805 4196 974 4238 remanemus
987 4183 1096 4253 captivi.
1109 4182 1168 4239 lion

377 4276 471 4335 timeat
484 4277 541 4345 capi
557 4274 637 4330 lromu
655 4289 662 4326 :
678 4272 700 4328 si
717 4270 776 4342 capi
791 4279 887 4343 potest,
901 4270 987 4341 decipi
1001 4287 1055 4328 non
1070 4281 1167 4344 potest.

377 4365 431 4423 Sed
442 4362 504 4435 qnid
515 4363 565 4420 sibl
578 4363 635 4418 mit
645 4362 694 4417 ista
708 4370 842 4431 postrema
853 4361 973 4432 piscatio,
983 4362 1017 4418 de
1026 4378 1078 4434 qua
1088 4362 1169 4422 bodio

378 4456 476 4514 ledum
490 4462 532 4511 est
545 4451 738 4523 Evangeliumi
759 4451 888 4521 Apparuit
909 4450 1036 4507 Dominus
1050 4451 1167 4523 piscato·

376 4548 452 4605 ribus
468 4556 542 4601 stans
555 4543 582 4598 in
596 4542 696 4607 littore,
713 4550 740 4597 et
751 4542 873 4613 quesivit
885 4542 918 4598 ab
932 4543 971 4598 eis
986 4552 1073 4600 utrum
1087 4542 1169 4600 babe-

376 4646 438 4694 rent
462 4634 675 4706 pulmentarium.
695 4632 825 4688 lllxerunt
847 4646 878 4689 se
897 4647 951 4688 uon
972 4631 1089 4701 babere;
1102 4634 1167 4691 uilrll

375 4730 448 4782 euim
460 4733 587 4795 ceperant
599 4733 654 4778 tota
666 4730 754 4779 nocte.
767 4720 801 4777 Et
810 4722 846 4777 ait
859 4721 922 4790 illis,
940 4721 1032 4779 Mittite
1045 4725 1072 4781 in
1081 4725 1168 4782 desse

377 4830 434 4872 rura
446 4822 544 4886 purtem
555 4827 564 4867 .·
574 4810 645 4883 pund
663 4820 726 4867 tuuc
743 4826 796 4866 nou
808 4811 922 4867 dixerat.
938 4814 968 4868 Et
984 4813 1124 4882 lecerunt;
1140 4824 1168 4871 et

375 4920 430 4960 uon
447 4911 568 4975 poterant
580 4902 686 4957 trabere
699 4900 766 4955 retia
781 4917 836 4972 pras
850 4901 1019 4959 multitudiue
1042 4905 1165 4974 piscium.

376 4994 479 5053 lurentl
495 5003 557 5051 sutus
571 5000 659 5048 autern
672 4992 758 5063 maces
772 5001 879 5047 centurn
897 4993 1085 5065 quinquaginta
1100 5006 1164 5052 tres.

376 5088 410 5144 iit
423 5086 549 5159 quoniam
562 5084 588 5139 in
602 5084 645 5139 iila
658 5083 741 5154 prima
761 5082 906 5152 piscatione
918 5083 1016 5138 dictum
1030 5094 1087 5141 erat
1104 5088 1165 5157 unia

374 5195 432 5253 prm
445 5176 614 5233 multitudine
628 5174 738 5246 piscium
749 5174 814 5230 retia
826 5174 1025 5244 rumpebantur,
1040 5178 1167 5246 pertinuit

374 5268 410 5326 ad
427 5284 519 5326 curam
540 5267 714 5337 Emugelistn
735 5266 761 5320 in
782 5266 832 5321 ista
850 5266 996 5336 piscatione
1012 5268 1119 5335 dicere,
1133 5269 1166 5324 Et

314 5416 324 5433 ,
375 5376 431 5417 sart
446 5370 498 5415 rem
510 5360 596 5430 umput'
608 5366 698 5423 morl,
714 5372 764 5411 unu
779 5366 815 5412 est
828 5359 934 5413 scissem
946 5368 1006 5414 rete.

410 5450 440 5507 2
456 5448 613 5505 Pisrcliorres
627 5448 685 5503 drttr
702 5458 796 5502 ιιιιιιιιι
811 5447 931 5503 Ειιιιιὶω
943 5450 1071 5520 pruentia
1084 5452 1135 5520 ιι)
1153 5483 1165 5496 .

377 5553 441 5602 tere
454 5543 615 5598 rdrrsrirorrt.
640 5540 831 5597 mmmmm
844 5541 962 5597 nttmn.
978 5543 1165 5600 Disccruamns

372 5632 627 5705 piscatroncsduas3
637 5644 718 5687 uuam
733 5639 794 5687 ante
806 5631 1039 5699 resurrectionem,
1053 5632 1165 5690 altenur

374 5733 436 5796 pust
450 5723 682 5780 resurrectionem.
696 5719 726 5779 lu
740 5722 784 5779 illa
797 5723 937 5779 mittuntur
955 5725 1053 5794 passim
1073 5726 1139 5783 retis
1154 5746 1162 5782 ε

405 5902 606 5975 'cssugmoel
620 5898 716 5973 adda.
728 5905 780 6013 td.
793 5898 935 5962 cladt'lgu.

403 5960 847 6099 ‘⁶³⁸''b‘r'rffixiur

1223 2591 1308 2647 malus
1327 2588 1407 2644 ririte
1419 2589 1505 2655 bene,
1518 2588 1584 2645 retia
1595 2590 1678 2644 nolite
1691 2577 1866 2659 disrumpere.
1880 2589 1930 2659 Qui
1946 2590 2014 2645 mul·

1223 2691 1278 2739 tum
1291 2682 1341 2738 sibi
1355 2682 1526 2752 placuerunt,
1539 2689 1569 2737 et
1583 2681 1659 2753 quasi
1674 2681 1759 2737 maios
1773 2683 1905 2739 sustiuere
1919 2680 2013 2737 uolue-

1221 2782 1303 2840 runt,
1323 2774 1389 2828 retis
1402 2780 1546 2842 ruperunt,
1562 2771 1669 2829 inmari
1682 2772 1827 2844 perierunt.
1840 2771 1926 2828 Vlrite
1944 2770 2013 2827 iuter

1222 2867 1308 2922 malos
1323 2866 1401 2934 bene,
1416 2881 1468 2922 uorr
1482 2864 1559 2923 robis
1569 2865 1699 2922 suadeant
1716 2866 1778 2921 mali
1790 2864 1927 2921 cbristitni
1943 2864 2012 2922 male

1222 2958 1322 3014 virere.
1343 2957 1402 3013 Non
1422 2957 1494 3013 dieat
1510 2971 1558 3014 cor
1571 2966 1644 3012 tuum
1659 2975 1667 3011 ι
1681 2956 1739 3029 Ego
1756 2956 1830 3013 solus
1842 2970 1901 3012 sum
1914 2956 2011 3013 bouus

1223 3049 1251 3105 Si
1261 3048 1375 3120 cruperis
1387 3064 1447 3104 esse
1458 3048 1560 3114 limus:
1572 3046 1652 3105 crede
1663 3062 1724 3104 esse
1742 3054 1771 3103 et
1781 3046 1863 3114 alios,
1876 3045 1899 3102 si
1914 3054 1941 3102 tu
1952 3060 2012 3102 esse

1223 3141 1351 3210 potueris.
1366 3140 1405 3196 lle
1418 3139 1582 3207 adulteretis,
1594 3155 1628 3196 ue
1641 3137 1825 3205 fornicemini,
1839 3153 1874 3194 nc
1892 3138 2011 3196 iraudsrn

1221 3231 1345 3301 fideus,
1365 3248 1399 3288 ne
1415 3231 1549 3298 luremini
1561 3247 1594 3289 ne
1606 3230 1700 3288 laisum
1712 3229 1894 3289 testimoninm
1906 3229 2012 3298 dicatis,

1221 3337 1257 3380 ns
1270 3322 1367 3380 laisum
1378 3322 1492 3395 iuuetis,
1507 3337 1541 3380 ue
1555 3321 1740 3389 inebriemini,
1760 3335 1796 3379 ne
1815 3320 2013 3379 commodatura

1222 3413 1340 3485 uegeta,
1362 3428 1397 3470 ue
1418 3413 1553 3469 inuentum
1566 3411 1678 3483 alicujus
1693 3412 1719 3468 in
1739 3410 1797 3467 rico
1810 3427 1863 3468 non
1884 3410 2011 3469 reddatis.

1222 3504 1286 3562 llaec
1303 3514 1330 3561 cl
1350 3503 1411 3582 talia
1430 3501 1523 3570 inmte,
1543 3503 1629 3561 securi
1650 3503 1720 3560 iuter
1734 3503 1818 3559 malos
1833 3500 2012 3575 pisces-lutra

1221 3597 1315 3655 eadem
1330 3595 1396 3652 retia
1416 3595 1529 3663 natatis;
1547 3594 1593 3653 sed
1608 3595 1720 3651 venietis
1733 3593 1766 3650 ad
1783 3593 1868 3663 littus,
1884 3600 1945 3666 post
1965 3607 2011 3651 ra·

1220 3689 1413 3745 surrectionem
1431 3687 1457 3742 in
1477 3687 1585 3744 dextera
1609 3685 1789 3743 inveniemini.
1809 3684 1846 3743 lbi
1870 3686 1958 3741 nullus
1970 3694 2013 3743 est

1222 3780 1318 3835 mulus.
1332 3777 1400 3848 Quid
1412 3779 1494 3845 eninr,
1514 3777 1576 3849 quia
1592 3776 1676 3848 legem
1690 3776 1785 3844 notus.
1800 3777 1862 3846 quia
1876 3775 1922 3832 nei
1935 3790 2012 3832 ntan-
2126 3776 2128 3780 ’

1220 3869 1282 3927 data
1294 3869 1463 3940 cognoscitis,
1476 3869 1536 3939 quia
1550 3867 1624 3922 scitis
1632 3866 1696 3937 quid
1709 3864 1743 3923 sit
1755 3866 1890 3923 bunumet
1899 3866 2009 3934 malum,

1221 3959 1285 4033 qnid
1293 3960 1369 4016 robis
1376 3959 1493 4030 prodest.
1504 3959 1527 4013 si
1537 3955 1710 4013 norrireintisl
1721 3950 1779 4013 Nou
1787 3971 1821 4013 ne
1833 3957 1890 4028 ipsa
1900 3956 2010 4014 scientia

1221 4049 1330 4122 punitur
1344 4049 1527 4107 conscientia?
1541 4047 1585 4105 Sic
1597 4047 1700 4112 discite,
1714 4059 1741 4103 ut
1755 4046 1867 4105 laciatis.

1257 4141 1284 4197 3.
1299 4136 1422 4194 aarum
1444 4138 1491 4194 ner
1504 4138 1604 4194 nonnisi
1617 4154 1661 4210 per
1672 4138 1780 4210 potiens
1793 4136 1904 4210 impleri,
1917 4136 2011 4193 inlelli-

1221 4232 1289 4305 pitrtr
1300 4231 1328 4286 in
1347 4247 1451 4286 suarem
1463 4231 1569 4303 piscium
1590 4241 1732 4302 coptorrrrrt.
1752 4229 1874 4285 Mandata
1889 4228 1935 4286 boi
1948 4245 2010 4301 pru·

1222 4333 1281 4395 pter
1290 4338 1415 4396 maguum
1428 4321 1599 4395 perlectionis
1613 4322 1766 4395 mysterium
1781 4322 1912 4394 bemtogo
1923 4322 2010 4378 conti·

1222 4424 1328 4471 nentur.
1342 4415 1440 4469 &cem
1454 4422 1585 4486 praccepta
1595 4413 1674 4485 Legis
1685 4424 1747 4470 sunt
1759 4415 1857 4484 scripta
1873 4415 1900 4470 iu
1914 4413 2010 4470 tabulis

1222 4505 1333 4577 lapideis
1353 4507 1436 4580 digito
1462 4507 1520 4575 liei,
1545 4507 1596 4563 lruc
1620 4515 1661 4562 est
1672 4505 1772 4578 Spiritu
1791 4515 1904 4563 sancto:
1918 4504 1944 4563 lu
1957 4522 2010 4564 uua

1222 4596 1322 4666 tabula,
1334 4607 1466 4670 praccepta
1480 4613 1539 4670 qum
1557 4596 1592 4653 ad
1606 4597 1687 4653 Deum
1702 4598 1850 4668 pertineam
1873 4597 1901 4654 in
1913 4597 2007 4677 altera.

1220 4703 1280 4758 quse
1293 4687 1326 4743 ed
1347 4687 1483 4745 bominem
1498 4690 1641 4761 pertinent.
1654 4688 1742 4757 Quare
1761 4688 1831 4744 boel
1845 4689 1911 4758 Quia
1925 4689 1952 4745 in
1966 4689 2009 4745 di·

1220 4780 1335 4837 lectimn
1348 4780 1432 4836 brist
1446 4780 1558 4851 proximi
1580 4788 1634 4835 uxta
1655 4779 1709 4835 Lex
1723 4778 2010 4851 percusseramus

1219 4870 1328 4941 (Metti.
1352 4887 1419 4935 xm.
1443 4872 1547 4942 lii-id).
1573 4870 1625 4926 Sed
1644 4870 1708 4943 quid
1723 4870 1811 4927 ralsnt
1828 4872 1878 4926 iste
1896 4869 2010 4927 dseeurl

1220 4963 1336 5021 balam
1348 4964 1401 5031 lot,
1416 4960 1496 5019 wlsi
1507 4961 1568 5017 dote
1581 4970 1643 5016 uses
1655 4961 1697 5016 lca
1709 4977 1766 5030 prex
1779 4961 2008 5032 pouriufieare,

1208 5055 1321 5111 ,ιιιιιιιο
1335 5054 1428 5126 relege
1440 5062 1504 5109 esset
1517 5053 1618 5124 justitio
1642 5051 1740 5121 (Galat.
1753 5067 1793 5115 rrr,
1807 5052 1865 5120 il).
1880 5050 1955 5106 ltusu
1967 5050 2008 5106 lc·

1218 5160 1296 5217 gent,
1310 5153 1340 5200 et
1352 5159 1405 5199 nnn
1428 5143 1493 5198 iocis
1515 5144 1616 5213 legeram
1631 5141 1728 5196 Lirtm
1752 5141 1864 5196 aaut:
1876 5150 1906 5196 ut
1918 5148 2008 5196 autem

1219 5236 1300 5294 taum
1313 5235 1384 5306 guod
1397 5234 1476 5301 nosti,
1491 5233 1604 5303 Spiritus
1620 5242 1705 5286 autem
1725 5231 1834 5300 sinificet
1847 5229 1881 5304 (11
1893 5229 1954 5287 cn.
1966 5246 2007 5296 ru,

1217 5323 1446 5401 antecedamus
1459 5323 1553 5378 decem
1572 5327 1685 5391 septem.
1700 5320 1775 5378 Sicut
1784 5320 1857 5376 eninr
1869 5320 1911 5377 lex
1922 5320 2007 5378 nec·-

1218 5417 1280 5486 logn
1302 5415 1481 5486 sigrrilrottur,
1515 5413 1551 5467 ita
1569 5411 1683 5481 Spiritus
1707 5421 1816 5469 ursolus
1846 5411 2009 5482 septilormis

1219 5505 1380 5564 ostenditur.
1407 5503 1465 5572 lpse
1483 5503 1623 5557 invocatur
1645 5515 1725 5572 super
1743 5500 1896 5571 scutatus,
1915 5509 1945 5556 ut
1962 5500 2008 5555 dct

1224 5599 1277 5655 illis
1289 5597 1370 5665 Deus,
1384 5594 1530 5653 mumdum
1544 5592 1712 5665 prophetam,
1726 5591 1854 5663 Spiritum
1870 5590 2007 5665 “pientia

1248 5775 1346 5831 ‘ms
1357 5774 1561 5835 WMW·

1247 5838 1258 5870 ¹
1271 5841 1350 5892 rorte,
1362 5832 1538 5884 rsixeenmmrs.

1218 5892 1509 6026 ῳυιῃὶιιιὲιςιιιωι,
1521 5888 1607 5957 paud
1616 5889 1674 5943 brus
1686 5886 1803 5949 similit·
1813 5885 1877 5943 stills
1890 5887 1950 5943 tanti
1961 5903 2007 5943 ttott

1566 6038 1809 6116 (createrem.)
