4759 6684
364 569 421 632 ΙΤι

367 705 435 749 m.
449 684 557 742 uomina
573 679 641 735 locis
658 676 742 733 dedit.
760 673 827 743 Quia
844 671 870 725 in
883 668 987 724 oriente
1001 672 1045 719 est
1057 658 1164 733 quande

370 785 458 840 urion
468 776 501 834 ad
511 777 655 836 orientem,
669 769 732 825 lecit
743 767 873 821 orientem
885 759 975 816 uocari
987 774 994 812 ι
1007 755 1069 827 qnia
1083 754 1110 807 in
1120 766 1167 805 oc-

370 871 477 931 cidente
490 873 533 923 est
545 862 654 935 qnando
667 858 764 916 occidit
776 855 809 911 ad
822 853 1001 912 occidentem,
1013 847 1076 902 lecit
1087 844 1166 899 Occi·

371 963 480 1021 &mem
499 955 603 1013 vocari.
627 951 711 1009 Nocte
731 961 862 1018 nusquam
888 948 1008 1014 apparet.
1034 934 1167 1006 Numquid

373 1051 489 1112 'erbum
500 1049 550 1106 Del
564 1047 605 1103 sic
619 1045 679 1100 esti
690 1040 823 1111 Numquid
838 1036 944 1108 quando
958 1042 999 1089 est
1011 1031 1037 1086 io
1052 1029 1166 1094 oriente,

372 1159 426 1204 m
437 1151 480 1201 est
490 1141 519 1196 io
530 1138 680 1200 occidentc;
691 1143 736 1188 aut
748 1130 854 1203 qnando
863 1137 905 1184 est
914 1128 941 1182 in
952 1125 1100 1184 occidente,
1113 1138 1166 1176 riou

372 1245 415 1298 cst
425 1235 453 1291 io
465 1230 592 1290 orientei
605 1237 651 1283 aut
662 1223 805 1297 aliquando
818 1220 918 1277 deserit
931 1229 1033 1283 terras,
1046 1223 1073 1271 et
1086 1217 1106 1270 it
1117 1213 1168 1269 sub

375 1337 469 1395 mat,
485 1335 532 1383 aut
546 1333 606 1397 peu
620 1321 725 1378 turae?
739 1317 843 1387 Ubique
862 1324 946 1369 tolum
966 1318 1017 1366 est.
1038 1309 1104 1376 Quis
1117 1308 1168 1362 lroe

375 1421 488 1494 explicet
500 1416 609 1473 ucrlrisi
619 1413 684 1481 Quis
699 1410 751 1464 buc
760 1406 913 1474 ridetlQuo
922 1403 1083 1459 documento
1092 1398 1168 1453 robis

378 1511 493 1584 probabo
502 1506 575 1578 equod
588 1503 660 1559 dicul
672 1502 758 1557 llomo
768 1499 874 1568 loquor,
886 1493 1037 1549 bominibus
1050 1490 1146 1560 loquor
1159 1506 1165 1541 :

378 1598 617 1669 nonnunqum,
631 1589 821 1649 lulirtnioribus
834 1587 938 1657 loquor.
955 1585 988 1638 Et
1000 1591 1099 1646 tamen,
1114 1580 1167 1633 lra-

380 1701 433 1750 ltes
443 1691 506 1755 urei,
519 1688 606 1743 arrdeo
620 1684 720 1748 dicere,
734 1679 805 1750 qnod
819 1677 894 1733 rolris
904 1676 975 1739 dico,
991 1673 1033 1727 rel
1046 1687 1094 1741 per
1106 1685 1168 1739 spe·

381 1785 475 1850 culum,
491 1781 534 1837 rel
550 1779 578 1833 in
591 1777 750 1847 aenigmate,
765 1783 909 1838 uictumque
922 1767 1010 1832 rideo,
1026 1773 1169 1833 utcumque

383 1875 495 1946 melligo
509 1883 536 1928 et
550 1873 576 1927 in
590 1869 670 1925 eorde
680 1881 740 1922 mea
753 1865 786 1920 de
797 1866 846 1918 bae
859 1878 887 1917 re
897 1861 1017 1915 terbum.
1032 1858 1085 1914 Sed
1096 1872 1169 1926 qaue·

385 1965 414 2020 til
426 1965 498 2021 crire
510 1961 543 2017 ad
558 1974 623 2027 ros,
644 1968 671 2013 et
687 1957 795 2027 dignum
813 1969 866 2008 uon
889 1951 989 2007 inuenit
1007 1948 1169 2004 rebienlum.

388 2055 535 2114 lebleulum
544 2051 630 2115 verbi,
640 2063 722 2104 seritis
731 2056 773 2103 est
783 2046 865 2100 rocis.
877 2043 953 2112 Quod
964 2042 1024 2097 dieo
1035 2039 1103 2112 apud
1116 2053 1169 2104 ine,

391 2161 471 2220 quero
480 2145 556 2202 robis
569 2143 670 2206 dicere,
684 2149 712 2196 et
721 2139 800 2195 uerba
812 2137 949 2193 deliciunt.
966 2135 1031 2191 llolo
1043 2133 1114 2188 euim
1127 2131 1169 2184 di-

394 2251 445 2294 οπο
453 2235 484 2292 de
493 2235 539 2292 bel
550 2233 648 2290 Verbo.
659 2233 766 2299 Quanto
776 2229 875 2294 Verbo,
887 2226 961 2299 quali
971 2224 1171 2282 l'erbolllnmiu

397 2343 433 2400 per
441 2329 516 2400 ipsam
529 2330 598 2399 [erle
611 2331 679 2379 tunt.
690 2321 777 2392 Opera
787 2320 889 2384 videte,
901 2327 927 2373 ct
937 2317 1110 2389 Operatoretn
1121 2331 1171 2371 ex-

400 2417 523 2490 imite.
538 2413 632 2470 Omuiu
647 2429 691 2484 per
705 2413 789 2483 iprum
802 2411 870 2481 suctu
880 2419 949 2464 sunl.

428 2509 530 2568 uteru
539 2508 618 2563 diuini
628 2505 775 2561 excellentie
784 2502 947 2574 iutelliqeudu
956 2517 988 2556 ex
999 2500 1102 2554 ΙιιιιιιοιιιΙ
1114 2514 1171 2553 eer-

405 2597 580 2674 imputante.
596 2598 693 2654 Recens
705 2597 826 2669 baptizoti
840 2597 866 2651 in
881 2595 955 2650 ulti.
975 2593 1041 2650 lledi
1056 2607 1170 2654 meeum,

407 2693 497 2750 imae
508 2693 667 2759 inllrmitae,
683 2688 739 2745 redi
753 2703 826 2760 ergo.
843 2688 962 2741 liuiuana
977 2688 1033 2755 ipsa
1048 2697 1172 2754 compre·

409 2781 539 2850 ereum,
555 2783 578 2838 si
592 2794 742 2854 pessrrmm.
759 2778 887 2834 nomines
902 2790 995 2831 sumus
1014 2784 1041 2831 el
1060 2789 1110 2829 nos
1128 2774 1171 2843 qui

336 2895 337 2908 ¹
410 2871 525 2946 bqtbuun
548 2883 576 2930 et
595 2871 748 2928 bominibus
765 2869 908 2940 loquimur,
933 2875 960 2923 el
984 2881 1079 2922 sonum
1101 2865 1174 2920 cocis

410 2963 496 3022 tdttus.
507 2965 547 3021 td
559 2978 638 3020 aures
653 2962 789 3017 bominum
803 2974 897 3015 sonum
911 2957 985 3013 rucis
1000 2966 1098 3011 nostre
1114 2971 1173 3026 per·

411 3053 522 3128 tenu,
541 3067 569 3116 ct
584 3072 634 3131 per
652 3064 750 3111 nostru
770 3054 843 3110 rucis
857 3067 953 3107 sunum
969 3058 995 3106 et
1010 3049 1173 3105 intellectum

410 3153 629 3222 ttottteducumquc
643 3164 692 3221 per
706 3162 798 3203 aurem
818 3146 845 3200 in
861 3144 942 3201 corde
958 3142 1088 3213 ponimus.
1108 3141 1176 3196 ilinc

410 3243 528 3317 mequod
543 3256 702 3315 possumus,
715 3247 744 3294 ut
762 3252 921 3310 possumus,
937 3235 1109 3304 eloquamur,
1126 3231 1177 3288 boc

408 3333 653 3410 comprehendamus.
669 3331 696 3387 Si
717 3339 805 3384 autem
825 3342 911 3397 neque
930 3325 981 3380 boc
1000 3323 1177 3395 comprehen-

408 3419 453 3482 le
464 3423 626 3482 rainerimns
638 3464 647 3490 ,
660 3422 693 3476 ad
708 3420 773 3474 itlnu
786 3417 850 3488 qnid
868 3417 979 3471 sumus?
994 3415 1063 3470 Ecce
1079 3413 1176 3469 auditis

406 3529 450 3574 nc:
462 3517 570 3575 retbuur
587 3514 664 3571 iacio.
678 3514 706 3570 Si
720 3513 780 3584 quis
795 3512 856 3565 ltine
869 3518 946 3564 erent
958 3517 985 3565 et
1000 3508 1178 3580 interrogetur

404 3605 452 3668 iltis
462 3609 524 3684 quid
537 3609 583 3664 bie
595 3605 683 3678 agitur
693 3647 701 3672 ,
712 3601 857 3673 respondet
872 3620 879 3655 τ
895 3599 1011 3656 l'erbum
1030 3598 1177 3669 Episcopus

402 3695 455 3756 hit.
473 3699 591 3757 Verbum
606 3696 674 3751 lucio
688 3694 722 3749 dc
738 3692 835 3747 Verbo.
849 3690 901 3746 Sed
912 3689 990 3760 quale
1002 3689 1128 3755 verbnm,
1144 3688 1179 3743 de

398 3763 455 3862 fili
470 3790 574 3848 Verbul
588 3788 698 3843 llortede
718 3786 848 3851 terbum,
868 3783 901 3838 de
916 3783 1058 3838 immortali
1074 3781 1176 3847 llerbo;

336 3903 337 3908 ’
398 3884 512 3942 nubile
526 3881 649 3944 terbum,
663 3879 697 3933 de
712 3875 869 3932 immutabili
883 3874 983 3939 verbm
996 3872 1178 3927 transitorium

396 3975 514 4042 terbum,
529 3974 564 4029 de
577 3980 680 4028 auterno
700 3968 797 4025 l'erbo.
812 3967 913 4022 Tamen
927 3964 1055 4019 attendite
1068 3966 1179 4018 rerbnm

394 4079 486 4123 neum.
500 4063 625 4120 Dixeraiu
641 4060 812 4121 enimvobis,
828 4058 944 4112 Verbum
961 4056 1009 4110 lici
1027 4054 1124 4123 ubique
1138 4063 1179 4107 ιο-

393 4163 443 4214 lttlll
459 4165 511 4212 est.
522 4153 591 4210 Ecce
602 4153 669 4208 facio
681 4151 757 4207 relus
766 4150 877 4205 rcrbuur
888 4165 895 4201 τ
905 4146 938 4200 ud
952 4160 1047 4201 omnes
1061 4147 1182 4216 pervertit

390 4247 457 4322 quud
472 4247 543 4305 dice.
560 4246 596 4304 lll
614 4245 647 4300 ad
660 4260 754 4298 omnes
769 4241 920 4312 perueniret
934 4238 1005 4310 qnod
1017 4239 1088 4305 dico,
1101 4253 1182 4292 nutur-

389 4341 448 4414 quid
467 4339 602 4398 divisistis
621 4337 692 4409 quod
711 4334 783 4391 dico?
802 4334 831 4390 Si
851 4348 988 4404 pascerem
1007 4347 1070 4399 rus,
1085 4339 1114 4385 ut
1129 4345 1181 4386 nou

389 4443 504 4490 witern
520 4439 647 4494 restranr,
662 4427 708 4483 sed
720 4435 839 4481 ventrem
851 4424 961 4493 implere
974 4423 1079 4488 uellem,
1093 4428 1120 4476 et
1133 4435 1183 4491 pu-

389 4523 480 4584 !'etettr
493 4524 571 4581 robis
581 4537 664 4594 panes
678 4521 774 4593 quibus
787 4518 986 4584 saturaremini;
999 4532 1088 4572 nonne
1103 4531 1184 4586 panes

389 4633 464 4676 neus
481 4617 638 4673 divideretis
656 4615 727 4671 iuter
745 4614 809 4669 uest
827 4611 960 4682 Numquid
981 4618 1089 4680 possent
1102 4623 1185 4679 panes

389 4711 440 4766 mei
450 4709 485 4766 ad
497 4716 838 4778 utrumqnemquerestrum
850 4702 1006 4774 pertenire?
1016 4702 1042 4758 Si
1056 4702 1089 4756 ad
1103 4716 1184 4756 uuum

389 4801 579 4874 pervenirem,
594 4798 683 4854 oulcri
702 4797 768 4852 nibil
787 4796 925 4851 baberent.
947 4796 1015 4852 Ecce
1034 4796 1143 4866 loquor,
1159 4804 1186 4849 el

389 4905 484 4948 σηοω
502 4889 618 4946 habetis.
640 4888 736 4944 Pairmn
756 4897 797 4944 est
815 4888 876 4957 quia
895 4902 990 4942 ornnes
1013 4886 1139 4943 liabens:
1159 4894 1188 4942 et

390 4996 485 5040 omncs
502 4990 589 5038 lotum
610 4980 723 5036 bebetis.
738 4979 863 5034 Parreuit
876 4977 909 5032 ad
924 4992 1018 5034 orrtnes
1037 4986 1138 5044 totum,
1153 4978 1187 5033 ad

390 5072 511 5144 singulae
530 5079 627 5126 totum.
641 5069 803 5126 Otrrirabilio
819 5068 893 5123 uerbi
906 5068 975 5123 meil
990 5068 1058 5135 Quid
1071 5077 1113 5124 est
1123 5084 1188 5139 ergo

392 5161 511 5220 Verbum
526 5162 595 5217 liei!
608 5161 686 5216 uliud
697 5160 797 5216 audite.
811 5160 868 5215 biii
880 5160 965 5230 :quod
979 5159 1045 5225 diri,
1058 5162 1189 5231 precessit

394 5255 426 5316 td
439 5271 498 5320 roe,
509 5265 537 5312 et
551 5272 604 5311 uon
620 5254 758 5311 recessita
773 5270 826 5310 inc.
841 5253 965 5310 Pervenit
974 5253 1008 5308 ad
1018 5269 1076 5318 ros,
1088 5269 1137 5309 nee
1147 5269 1198 5309 se--
1219 5259 1223 5264 '

394 5357 517 5420 pratum
523 5357 589 5402 esta
600 5345 945 5415 menmequamdteerem,
955 5345 1154 5415 egobabebam,
1163 5354 1191 5399 et

394 5453 444 5496 ros
453 5452 507 5494 nou
521 5435 750 5502 habebatiszdixi,
759 5446 788 5492 et
798 5452 844 5492 rus
858 5437 956 5492 babere
968 5437 1097 5507 cepistis,
1105 5446 1132 5492 et
1141 5452 1191 5508 ego

394 5530 462 5586 uiiril
477 5528 592 5600 perdidi.
606 5527 628 5584 0
644 5527 800 5584 miraculum
814 5530 887 5584 verbi
901 5529 970 5583 mcil
984 5529 1053 5597 Quid
1068 5538 1111 5585 est
1128 5544 1192 5599 erge

397 5617 518 5676 tanen
533 5617 600 5676 lleil
615 5617 654 5674 lle
665 5618 754 5689 parvis
768 5632 862 5689 magna
874 5618 1007 5688 conjicite.
1019 5619 1193 5675 Considerate

397 5708 1109 5776 maleudateeoeiestiadlrealnrasum,crcatura
1117 5710 1192 5768 estis:

397 5809 426 5858 et
436 5809 512 5856 tanto
522 5799 650 5855 minutia
660 5798 727 5855 dunt
736 5799 770 5857 de
779 5801 861 5857 uerbo
873 5815 934 5856 mco
949 5801 975 5855 in
990 5799 1071 5855 corde
1086 5813 1156 5864 meo,
1167 5800 1194 5855 in

398 5909 448 5952 cre
463 5906 536 5960 mee,
549 5893 577 5950 io
587 5907 653 5949 voce
665 5907 735 5959 mea,
748 5893 775 5948 in
790 5893 897 5948 auribus
907 5893 1015 5959 vestus,
1031 5893 1058 5949 in
1070 5891 1197 5948 cordibus

400 5984 512 6043 restris.
526 5984 595 6055 Quid
615 5994 657 6043 cet
676 5984 799 6042 Creatori
813 5984 835 6044 0
847 5984 975 6055 Domine,
990 5985 1051 6041 audi
1065 6000 1124 6043 nos.
1141 5984 1195 6043 Pac

1075 544 1187 603 sellun
1207 539 1300 597 (ixii.

1222 669 1282 718 nus,
1294 651 1357 722 qrtia
1370 648 1454 705 iecisti
1470 664 1530 704 nos.
1545 648 1598 704 Fae
1610 661 1659 702 uos
1671 646 1773 712 boum,
1786 645 1849 716 quia
1863 642 1949 700 iecisti
1962 659 2012 699 neu

1221 745 1343 799 boioiues
1359 741 1531 796 illuminatos.
1555 740 1599 795 isti
1612 739 1713 806 albati,
1729 737 1887 802 illuminati,
1902 736 2011 792 aridium

1220 850 1321 906 perure
1335 834 1444 889 verbum
1457 842 1541 887 turim.
1556 830 1699 886 illuminati
1709 830 1780 885 enim
1790 830 1874 900 qratia
1886 841 1929 883 tna
1943 827 2009 884 assi·

1220 936 1294 983 stunt
1309 927 1366 981 tibi.
1383 926 1431 981 ltie
1444 936 1487 979 est
1500 925 1558 979 dies
1572 939 1651 993 quem
1666 923 1727 979 lccil
1739 923 1878 977 Desinimus.
1891 920 1944 978 Set
1963 919 2015 974 boe

1221 1017 1358 1079 laborent,
1371 1016 1421 1070 boc
1435 1024 1530 1082 orent,
1549 1022 1577 1068 ut
1594 1028 1656 1069 cnm
1678 1013 1721 1067 iul
1741 1012 1798 1067 dies
1818 1013 1973 1067 transierint
1986 1013 2012 1076 ¹,

1221 1122 1274 1163 nou
1289 1108 1352 1162 liunt
1365 1107 1493 1172 tenebrae,
1507 1104 1551 1175 qui
1565 1104 1626 1159 iacti
1638 1111 1701 1158 sum
1713 1103 1757 1158 lux
1767 1103 1955 1158 miraculorum
1967 1102 2013 1158 bei

1221 1207 1249 1255 et
1261 1197 1463 1255 betieitciurum.

1471 1306 1588 1363 sentio
1606 1304 1689 1361 CXX!
1702 1304 1769 1376 ’(ο).

1222 1400 1262 1456 De
1273 1400 1352 1455 eolla
1366 1397 1498 1470 Eouiapelii
1510 1397 1628 1461 leonilla,
1641 1396 1757 1466 blundus
1767 1411 1815 1466 per
1830 1395 1916 1465 ipsum
1930 1395 2015 1449 laenis

1381 1501 1439 1558 cst,
1450 1502 1511 1556 etc„
1526 1508 1584 1560 cup.
1598 1490 1630 1554 l,
1652 1490 1689 1556 i.
1707 1488 1790 1543 lu-tt
1804 1486 1855 1560 (bi.
1946 1505 1949 1510 ·

1259 1607 1285 1661 l.
1312 1603 1589 1673 isuardus-duplex.
1612 1600 1726 1655 Mundus
1740 1617 1784 1670 per
1813 1599 1953 1654 {lucerinum
1973 1602 2016 1673 f·

1222 1705 1277 1750 clue
1296 1705 1351 1760 est,
1374 1704 1398 1748 et
1417 1694 1528 1747 aluredus
1550 1709 1605 1746 euru
1624 1708 1674 1745 neu
1698 1691 1812 1762 coqttoea't
1825 1692 1846 1746 ¹.
1868 1690 1916 1759 Qui
1937 1707 2016 1746 tuttu-

1222 1785 1273 1841 dus
1292 1802 1344 1858 per
1372 1801 1432 1840 enm
1461 1784 1546 1839 iactus
1576 1783 1636 1839 cst?
1664 1784 1708 1854 qni
1741 1783 1856 1838 murnlns
1882 1799 1942 1839 enm
1964 1801 2017 1839 non

1223 1880 1348 1950 cogrrorit
1359 1878 1388 1932 'i
1400 1878 1457 1932 Non
1470 1877 1541 1932 enim
1555 1877 1669 1931 nntndns
1679 1877 1723 1947 qni
1738 1893 1785 1946 per
1797 1893 1857 1932 cnm
1869 1877 1954 1934 laeuis
1966 1889 2017 1944 est,

1224 1969 1281 2039 ipse
1295 1983 1356 2024 cum
1370 1983 1422 2022 non
1435 1968 1570 2037 cognorit.
1583 1968 1648 2035 Quis
1662 1977 1702 2021 est
1716 1967 1829 2021 rnimdus
1841 1967 1884 2037 qni
1899 1983 1947 2037 per
1956 1983 2017 2022 οιιιιι

1223 2056 1307 2113 lactus
1333 2057 1399 2113 est?
1427 2057 1528 2112 lineium
1554 2067 1581 2111 et
1607 2066 1687 2111 terra.
1715 2056 1855 2123 Quomodo
1882 2071 1942 2110 eum
1965 2073 2018 2111 non

1223 2150 1347 2220 eliquavit
1366 2149 1475 2212 coslum,
1489 2148 1595 2218 quando
1610 2149 1636 2202 iu
1658 2148 1716 2218 ejus
1734 2148 1857 2217 passione
1869 2149 1907 2203 sul
1922 2150 2019 2205 obscu-

1222 2239 1368 2295 natusest?
1381 2238 1520 2307 Quomodo
1533 2253 1593 2293 eum
1608 2249 1677 2293 terra
1690 2254 1743 2292 uon
1754 2241 1895 2310 cognorit,
1908 2241 2015 2311 qnando

1224 2331 1269 2385 illo
1283 2331 1309 2385 in
1328 2346 1408 2386 eruce
1424 2330 1556 2400 pendente
1570 2331 1752 2384 contremuit?
1770 2331 1823 2386 Sed
1838 2333 1947 2385 aluredus
1960 2348 2018 2386 euru

1223 2437 1275 2476 noa
1291 2423 1423 2492 coqnouit,
1436 2421 1512 2489 cuijus
1526 2420 1651 2490 princeps
1664 2429 1707 2475 est
1721 2421 1783 2487 ille,
1804 2420 1838 2476 de
1852 2437 1905 2489 quo
1917 2421 2017 2476 dietum

1224 2520 1283 2577 est,
1299 2510 1364 2565 Ecce
1376 2511 1441 2564 uetuit
1459 2511 1575 2580 princeps
1594 2511 1682 2563 meridi
1699 2511 1793 2581 ditius,
1811 2521 1834 2565 et
1854 2512 1879 2565 iu
1901 2529 1940 2568 rue
1955 2513 2019 2566 nibil

1224 2603 1319 2657 lrtveuit
1330 2600 1418 2674 (Juun.
1436 2618 1492 2669 ιιι,
1508 2601 1566 2671 50).
1582 2601 1710 2655 ilmnioes
1723 2602 1785 2656 titali
1799 2602 1913 2657 muudus
1924 2618 2021 2659 utican-

1227 2703 1289 2756 lur,
1307 2694 1428 2747 liutnines
1442 2692 1564 2747 iulideles
1579 2691 1693 2746 mundus
1706 2703 1843 2747 uocantur.
1860 2692 1924 2750 inde
1942 2709 2020 2752 acce·

1225 2791 1323 2855 perunt
1335 2799 1448 2847 nomen,
1470 2799 1503 2838 ex
1523 2798 1556 2838 co
1573 2781 1644 2852 quod
1661 2789 1761 2837 emant.
1783 2784 1905 2838 datrando
1925 2785 2019 2853 licurn,

1226 2872 1401 2930 ellicimurdii
1412 2891 1419 2927 :
1430 2888 1494 2944 erga
1502 2872 1617 2926 arrraudo
1627 2872 1764 2936 mundum,
1774 2873 1888 2929 dicimur
1897 2875 2021 2931 mundns.

1226 2966 1280 3023 Sed
1295 2966 1365 3022 bens
1383 2974 1441 3021 erut
1460 2966 1486 3019 in
1504 2965 1611 3019 Cirristo
1630 2964 1757 3019 mundum
1777 2967 1953 3021 reconcilians
1972 2968 2023 3023 sibi

1227 3057 1261 3132 (ΙΙ
1273 3057 1332 3113 Cor.
1345 3074 1372 3122 v,
1387 3058 1442 3128 ttl).
1459 3055 1571 3110 liutadus
1584 3070 1648 3128 ergo
1664 3072 1714 3111 ιιοιι
1728 3073 1785 3112 eum
1801 3058 1930 3130 coqneuit,
1944 3074 2022 3114 uuin-

1227 3149 1415 3221 quidomnesl

1262 3238 1291 3293 2.
1307 3237 1656 3293 decideremus—insen
1664 3240 1767 3310 propriu
1782 3239 1847 3294 uetuit
1859 3281 1866 3307 ,
1880 3241 1953 3295 etsui
1966 3258 2024 3298 eruin

1228 3347 1280 3385 nou
1297 3339 1454 3400 receperunt.
1468 3331 1562 3385 duania
1575 3339 1638 3384 sunt
1652 3330 1745 3402 ipsius,
1760 3331 1806 3386 sed
1821 3333 1926 3401 propria
1941 3334 2024 3403 ipsius

1230 3419 2023 3494 dicuutur,uudcmalcrejnscrat,uudecarnemacceperam

1229 3512 1262 3567 ad
1275 3527 1343 3583 quos
1356 3511 1486 3567 adrentus
1496 3511 1537 3566 sui
1551 3528 1689 3581 praecones
1702 3524 1764 3568 ante
1778 3516 1954 3583 praemiserat,
1965 3516 2024 3587 qni·

1230 3603 1280 3658 bus
1293 3604 1377 3675 legem
1393 3601 1514 3667 dederat,
1526 3617 1593 3671 qnos
1605 3601 1639 3657 de
1653 3601 1776 3675 AEpyptia
1788 3605 1917 3660 seruitute
1929 3606 2026 3661 libera-

1230 3702 1322 3760 uerat,
1335 3707 1448 3764 quornm
1461 3702 1561 3762 patrem
1576 3694 1710 3748 carnalem
1719 3693 2024 3764 eteglitbratnm.Quia

1230 3799 1324 3841 rernm
1343 3783 1421 3849 dixit,
1431 3783 1496 3837 diue
1510 3782 1638 3836 Adranam
1653 3800 1698 3855 eqo
1712 3801 1767 3837 arim
1783 3782 1871 3855 (Jeeirr.
1885 3799 1945 3849 rut,
1966 3786 2025 3857 58).

1230 3875 1286 3931 Nee
1298 3878 1337 3931 sic
1349 3874 1432 3940 dixit,
1448 3876 1596 3943 dirlcquam
1611 3875 1744 3928 ,ltu-anam
1760 3885 1848 3940 essct;
1869 3886 1930 3942 aut,
1950 3885 2027 3934 atric-

1232 3980 1311 4037 quam
1331 3963 1463 4020 ditrultam
1484 3964 1560 4017 lierm
1579 3979 1628 4034 epo
1647 3961 1732 4018 bretos
1744 3979 1803 4019 snm
1815 3965 1836 4019 ⁸.
1850 3965 1884 4019 in
1904 3966 2027 4038 principio

1232 4055 1304 4111 enitu
1319 4051 1428 4107 Verimu
1439 4062 1503 4118 erut,
1516 4069 1568 4106 nim
1580 4055 1677 4107 laetum
1693 4063 1760 4109 emt.
1776 4054 1862 4126 Ergo,
1875 4055 1909 4109 lu
1925 4058 2028 4125 propriu

1233 4149 1315 4214 uertit,
1326 4146 1359 4200 ad
1374 4145 1481 4200 indeeos
1496 4145 1577 4198 renit.
1596 4143 1628 4199 ti
1641 4146 1680 4198 aul
1692 4145 1757 4199 enim
1771 4163 1821 4200 riou
1832 4158 1988 4218 receperunt.

1269 4238 1296 4292 5.
1319 4237 1429 4302 Quinum
1450 4244 1509 4290 aunt
1531 4235 1578 4305 ulii
1599 4235 1717 4290 itbrnue.
1744 4236 1870 4307 Quotquot
1892 4249 1976 4294 eutem
1990 4258 2031 4295 rc·

1234 4338 1352 4401 ceperunt
1367 4343 1434 4383 eutii.
1450 4323 1546 4396 Utique
1559 4327 1630 4381 enim
1644 4327 1678 4381 ibi
1695 4328 1822 4398 uposiott,
1839 4329 1882 4400 qui
1897 4331 1971 4386 illum
1988 4349 2030 4388 re·

1235 4426 1372 4489 cepermit.
1386 4416 1425 4471 lbi
1438 4416 1473 4471 illi
1487 4416 1532 4486 qni
1545 4426 1607 4471 erue
1619 4415 1770 4486 jatrirentum
1783 4419 1840 4489 eiius
1856 4436 1945 4476 ramos
1958 4422 2029 4478 lere-

1236 4509 1309 4566 buut.
1329 4507 1519 4563 Praeeedebant
1531 4516 1559 4562 et
1572 4507 1760 4577 sequebantur,
1775 4519 1802 4564 et
1814 4511 1970 4568 vestimentu
1984 4527 2032 4568 sua

1237 4600 1408 4665 sternebant;
1424 4607 1451 4653 ct
1465 4614 1559 4670 magua
1574 4614 1638 4655 rece
1652 4601 1803 4657 clamabant
1818 4620 1825 4657 ε
1840 4602 1966 4659 lioauuuu
1976 4607 2033 4676 pilio

1240 4692 1321 4746 uultu
1330 4710 1340 4758 ;
1357 4690 1500 4746 benedictus
1516 4691 1560 4763 qni
1578 4692 1642 4745 uertit
1660 4692 1686 4746 iu
1706 4694 1807 4749 aroniine
1824 4694 1937 4752 Deretini.
1960 4697 2034 4755 Tunc

1270 4833 1278 4864 ¹
1291 4837 1345 4882 ltss.
1357 4835 1383 4881 ut
1394 4843 1450 4882 cuia
1457 4828 1513 4893 sesti
1522 4829 1574 4882 dies
1582 4830 1734 4884 truitsieriul.

1272 4896 1282 4925 ¹
1295 4894 1318 4942 ld
1330 4901 1369 4944 est
1379 4892 1474 4942 initimn
1485 4893 1557 4956 buius
1564 4894 1683 4944 sunnonis
1693 4895 1757 4957 aqiud
1765 4902 1816 4945 lm:
1826 4898 1977 4959 Etsltrialue,
1985 4902 2037 4965 [ru-

1239 4953 1508 5013 tres,inmtatdoerul,
1531 4960 1554 5004 et
1576 4954 1681 5024 querulus
1702 4969 1745 5019 per
1767 4956 1847 5009 ierim
1868 4962 2036 5022 [beluacensi

1240 5015 1348 5127 mlii?
1360 5028 1416 5124 fem}
1434 5027 1481 5124 mi?
1498 5021 1612 5080 cuperent.
1629 5018 1695 5078 opud
1712 5030 1761 5066 euu
1787 5033 1827 5068 em
1844 5021 1935 5071 destun
1951 5035 2038 5074 uersus

1274 5092 1282 5125 t
1343 5092 1349 5126 ι
1380 5113 1386 5123 .
1417 5113 1422 5124 .
1478 5112 1484 5123 .

1274 5139 1361 5195 'tom
1384 5135 1440 5197 Quia
1457 5133 1565 5205 ¹irritentur
1586 5148 1631 5199 per
1642 5149 1697 5186 ειοιι
1707 5136 1785 5199 [actua
1796 5137 1852 5189 ert?
1869 5141 1922 5203 uitia
1932 5144 2038 5196 uuandue

1241 5195 1505 5332 Qtfflffifgqqdwstdiuz
1519 5204 1619 5313 dimisso,
1636 5257 1713 5367 (uetus
1739 5260 1901 5312 emendantur
1911 5264 1941 5312 cd
1952 5262 2037 5316 t‘luria·

1242 5332 1343 5373 censetn
1355 5318 1451 5368 librum.
1470 5326 1541 5369 certe
1560 5325 1637 5367 toran
1647 5319 1793 5369 erisesbuue
1803 5320 1891 5384 alioqm
1904 5323 1982 5373 lecum
1993 5335 2039 5377 tu·

1243 5384 1342 5447 guaslino
1353 5382 1377 5428 iu
1388 5387 1455 5429 ιοιιιι.
1464 5387 1542 5429 tract.
1552 5380 1591 5438 ld,
1603 5379 1734 5431 disserenti
1743 5383 1890 5432 unibertum
1901 5386 2040 5448 judicantes

1243 5447 1386 5508 rejecerunt
1396 5453 1536 5490 sermonem
1547 5441 1611 5490 hunc
1622 5442 1647 5489 iu
1659 5442 1830 5504 appendicem.

1276 5503 1438 5552 'recensitus
1448 5509 1487 5552 est
1497 5502 1526 5552 ad
1543 5501 1561 5550 l.
1573 5515 1594 5551 r.
1614 5509 1634 5552 t.
1647 5516 1671 5551 t.
1684 5513 1734 5553 unt.
1745 5509 1783 5551 tir.
1796 5509 1847 5553 ltar.
1859 5510 1914 5556 lor.

1277 5563 1397 5675 (ffi'mgsi’
1407 5564 1441 5614 de
1459 5565 1566 5615 Diversis
1576 5564 1616 5625 ⁸3,
1634 5571 1661 5615 et
1677 5564 1946 5629 deucalionemne
1956 5570 1982 5620 lu
1993 5579 2041 5634 ltp-

1263 5640 1295 5678 cn
1312 5637 1350 5675 ree
1391 5659 1398 5674 .

1245 5642 1314 5749 p(i)
1326 5688 1423 5736 uuobus
1444 5687 1469 5737 in
1491 5685 1551 5737 loos
1573 5686 1638 5737 bunc
1660 5686 1776 5737 cumdem
1796 5700 1936 5742 sennonem
1950 5706 2043 5758 repete·

1246 5755 1329 5821 eeutet
1348 5750 1530 5798 lovaniensium
1552 5750 1645 5798 editiu:
1662 5747 1757 5799 scilicet
1777 5749 1803 5798 ln
1825 5754 1972 5818 Appendice,
1994 5770 2044 5830 quo

1247 5825 1293 5876 per
1305 5822 1371 5873 ipsos
1382 5823 1415 5860 ex
1426 5809 1504 5860 clause
1514 5810 1547 5858 de
1556 5816 1687 5881 tempere,
1705 5810 1747 5858 ubi
1766 5812 1834 5868 iuius
1845 5818 1967 5878 exstabat,
1977 5832 2045 5882 nqe-

1248 5877 1353 5942 οιιιεοοι
1364 5878 1477 5937 tauquam
1497 5882 1610 5932 spiuius;
1633 5880 1804 5936 pratereaque
1827 5877 1851 5925 in
1873 5875 1995 5930 elestede
2007 5883 2045 5930 ltin

1249 5945 1338 5993 reims,
1349 5930 1392 5980 ulit
1402 5938 1515 5993 termnum
1526 5933 1648 5994 genuinus
1667 5935 1800 5986 eulunetur
1810 5937 1875 5989 iuter
1891 5943 2044 6000 lucretium-

1250 6007 1303 6046 urs.
