4759 6684
374 560 428 617 rsa

373 680 461 756 Neque
483 682 546 737 detis
569 680 652 734 locum
672 678 771 733 diabolo
792 676 898 750 (Eplns.
915 693 948 744 tr,
965 676 1022 747 st).
1037 678 1075 732 'ln
1095 677 1162 731 ttmlu

370 776 506 831 roluatate
520 774 605 827 locum
621 770 717 829 dedisti
732 787 738 824 :
752 771 874 839 intrarit,
884 768 1013 842 possedit,
1028 768 1119 824 utitur.
1133 768 1162 825 Si

370 865 456 920 locum
472 878 525 941 οοο
536 860 625 933 dares,
637 876 690 917 noa
705 860 862 933 possideret.

406 953 518 1013 corut
545 953 590 1011 ΙΙΙ.
603 985 639 996 -
658 954 685 1011 Β.
708 952 809 1008 Inimici
831 953 910 1007 nostri
928 951 1073 1009 invisibiles.
1093 950 1164 1021 Ergo

369 1064 418 1105 nos
431 1047 579 1105 admoneus
596 1046 645 1115 ait,
669 1044 730 1115 Non
745 1055 781 1121 est
797 1045 868 1101 nobis
886 1042 1031 1099 colluctatio
1045 1044 1162 1125 adrmuq

368 1155 471 1195 earncnt
483 1148 506 1193 et
515 1139 674 1210 sanquinem,
689 1136 734 1193 sed
744 1137 865 1194 adsersus
875 1135 1001 1208 principes
1014 1145 1037 1191 et
1050 1142 1162 1213 potesta·

367 1241 416 1287 tes.
432 1230 520 1286 Possit
538 1229 650 1303 quisque
668 1236 762 1309 putare
777 1228 904 1307 adversus
922 1236 1099 1301 regestum,
1113 1226 1161 1284 ad·

367 1337 464 1379 versus
484 1329 630 1392 potestates
651 1321 752 1378 saculi.
774 1320 880 1389 Quare?
904 1319 954 1389 ipsi
980 1333 1033 1375 nort
1054 1332 1117 1374 earo
1134 1324 1162 1372 et

368 1412 492 1485 maguis?
505 1412 594 1471 Semel
614 1411 714 1469 dietum
734 1422 786 1477 est,
802 1429 852 1467 aon
873 1413 994 1467 adrasus
1016 1427 1117 1465 carrum
1138 1418 1162 1465 et

368 1503 525 1575 sanquinem.
550 1506 678 1560 Avertere
692 1503 727 1559 ab
746 1503 820 1561 oturti
841 1502 957 1559 bomine.
976 1502 1027 1571 Qui
1041 1516 1105 1574 erga
1119 1515 1162 1557 re-

367 1603 440 1650 stant
461 1593 580 1650 ininticil
601 1595 726 1650 Aduersus
747 1594 873 1665 partcipes
894 1603 917 1648 et
939 1601 1070 1664 potestates
1083 1592 1161 1663 spiri·

367 1685 443 1740 luatis
462 1684 588 1756 nequitia,
604 1695 711 1739 rectores
726 1684 823 1739 esturmi.
844 1683 924 1753 Quasi
944 1682 1003 1754 plus
1018 1681 1091 1739 dedit
1102 1680 1161 1737 dia-

368 1777 429 1834 bolo
441 1784 469 1834 et
478 1777 580 1848 angelis
590 1777 658 1849 eius.
674 1777 737 1833 etus
746 1776 829 1842 dedit,
839 1784 958 1832 rectores
969 1774 1059 1831 murrdi
1070 1774 1162 1845 appel·

368 1868 441 1923 lavit.
453 1867 507 1925 Sed
518 1884 552 1926 ue
564 1867 633 1923 male
645 1867 786 1939 intelligas,
797 1867 906 1939 exponit
915 1867 977 1937 quid
990 1865 1026 1921 sit
1036 1864 1160 1932 mundus,

366 1958 444 2029 ctrjus
457 1967 519 2014 sunt
538 1958 575 2013 illi
596 1968 724 2015 rectores.
745 1957 863 2014 flecteres
885 1958 983 2024 usuardi,
1004 1957 1161 2013 tenebrarum

366 2050 458 2105 luorum
480 2047 587 2121 (Epines.
604 2064 642 2116 rr,
660 2048 714 2121 lb).
731 2048 798 2117 Quid
821 2058 872 2115 est,
892 2049 981 2103 atarrdi
1001 2050 1161 2105 tenebrarum

366 2141 475 2195 liceant?
488 2138 590 2208 Quibus
602 2150 645 2198 est
658 2151 756 2209 rector,
771 2141 942 2199 dilectoribus
956 2143 1011 2198 suis
1025 2152 1053 2201 et
1067 2144 1161 2201 italide-

365 2229 447 2297 libus,
475 2229 570 2301 plenus
592 2239 635 2287 est
656 2231 781 2287 mundus.
805 2232 858 2288 llas
880 2233 1023 2303 Apostolus
1045 2234 1161 2304 appellat

365 2320 500 2377 tenebras.
515 2320 615 2377 llarum
638 2331 766 2389 rectores,
789 2321 912 2379 diabolus
931 2332 959 2379 et
981 2325 1067 2395 angeli
1090 2325 1158 2397 ejas.

364 2410 413 2468 lise
431 2411 547 2470 tenebrae
565 2428 619 2469 nort
631 2414 765 2469 naturales
777 2421 849 2482 sunt,
864 2429 918 2469 non
932 2414 1160 2473 incommutabiles

364 2514 428 2562 suut
441 2523 448 2561 ε
462 2513 608 2571 mutantur,
630 2514 657 2563 ct
676 2505 721 2560 lux
734 2503 904 2572 ellleiuntur;
919 2506 1041 2574 eredunt,
1062 2517 1090 2565 et
1101 2523 1160 2564 cre·

364 2595 453 2653 deado
468 2597 661 2664 illuminantur.
680 2595 758 2663 Quod
778 2611 839 2653 cum
853 2594 880 2651 ia
897 2596 937 2652 eis
956 2596 1054 2653 iactetur
1070 2597 1158 2665 luerit,

364 2679 484 2756 atrdient,
500 2687 596 2745 Fuistis
615 2689 681 2744 enim
699 2689 837 2759 aliquando
858 2689 980 2756 terrclroe,
999 2707 1066 2744 anate
1078 2700 1161 2746 autera

365 2781 411 2835 lna
422 2782 449 2835 ia
459 2779 569 2837 Dauniae
583 2779 638 2852 (ld.
653 2797 680 2848 v,
691 2779 729 2853 8).
740 2780 808 2835 Nam
820 2780 925 2851 qnando
939 2782 1055 2837 teutonum
1070 2784 1090 2849 ¹,
1107 2797 1159 2838 noa

365 2870 392 2925 in
417 2871 553 2927 Domino:
576 2871 671 2926 iterum
693 2870 800 2942 quando
822 2869 877 2936 lus,
891 2887 945 2926 non
967 2871 993 2925 in
1013 2880 1049 2938 te,
1064 2872 1112 2929 sed
1133 2873 1159 2929 iu

367 2962 493 3019 bomine.
508 2963 577 3031 Quid
592 2964 663 3019 euim
677 2963 760 3019 babes
774 2963 845 3034 quod
856 2979 909 3021 noa
923 2965 1048 3035 accepisti
1064 2965 1084 3036 (l
1099 2966 1158 3022 Cor.

366 3069 404 3121 rv,
418 3051 465 3126 7)i
479 3054 546 3123 Quia
557 3070 622 3126 ergo
634 3065 694 3110 strat
710 3054 854 3111 invisibiles
868 3056 978 3122 iniuriei,
994 3057 1160 3114 invisibiliter

366 3155 428 3201 ssrtu
440 3145 620 3218 expugnandi.
636 3145 740 3217 Quippe
755 3146 857 3202 bostem
873 3147 1003 3202 visibilem
1019 3149 1103 3204 vincis
1118 3149 1158 3203 lc-

366 3233 460 3290 riendo
475 3253 481 3289 :
499 3235 660 3291 invisibilem
673 3235 758 3291 vineis
771 3235 915 3292 credendo.
933 3237 1048 3292 visibilis
1062 3249 1103 3293 cst
1115 3238 1160 3293 lto·

365 3326 413 3380 stis
426 3325 522 3393 home;
537 3326 643 3383 risibile
657 3337 697 3384 est
711 3338 738 3384 et
753 3326 832 3384 lerire
846 3346 852 3382 :
870 3328 1007 3385 invisibilis
1020 3339 1061 3386 est
1076 3328 1160 3386 bostis

365 3417 502 3486 diabolus;
522 3419 653 3477 invisibile
667 3429 710 3476 est
728 3431 755 3476 et
778 3420 897 3477 credere.
919 3421 968 3476 Est
986 3437 1049 3492 ergo
1074 3436 1158 3494 pugna

366 3509 507 3566 invisibilis
518 3510 648 3567 adversus
662 3511 807 3568 irnvisibiles
822 3512 951 3567 inimicos.

399 3601 514 3660 CAPUT
533 3601 577 3660 lv.
592 3633 628 3643 -
647 3603 674 3659 d.
694 3603 770 3660 dirue
790 3603 939 3674 presidium
960 3614 1048 3658 contra
1076 3604 1158 3659 inlati·

364 3713 418 3751 cos.
448 3696 489 3752 Ab
517 3696 559 3752 leis
579 3696 695 3753 inimicis
716 3696 848 3767 quomodo
862 3711 893 3753 se
908 3704 992 3751 tutum
1014 3695 1077 3752 dicit
1099 3697 1159 3767 qai-

364 3787 445 3843 dnm?
460 3787 515 3842 lloe
527 3787 598 3843 enim
611 3801 744 3856 coeperam
755 3786 860 3853 dicere,
874 3795 902 3842 et
914 3801 1023 3843 neeesse
1036 3785 1116 3841 habui
1126 3786 1160 3843 de

365 3881 423 3937 istis
438 3880 552 3936 inimicis
562 3879 695 3950 aliquanta
708 3893 768 3934 eum
780 3893 853 3935 ruera
874 3887 996 3934 tractare.
1014 3878 1073 3935 lans
1096 3894 1160 3951 ergo

362 3971 477 4042 cognitis
492 3969 622 4035 inimicis,
645 3969 782 4025 valeranus
801 3971 922 4025 tutelam.
943 3968 1064 4024 Lartdans
1087 3970 1158 4024 irruo·

365 4065 426 4119 cralo
444 4063 597 4129 bertuinum,
620 4073 643 4117 et
657 4064 689 4117 alr
703 4064 811 4117 iniusticis
826 4064 887 4117 nans
901 4062 985 4117 salvus
999 4079 1043 4117 cra
1065 4061 1158 4134 (Psal.

365 4174 432 4224 surr,
447 4157 485 4229 l).
501 4156 589 4213 ilabes
603 4154 665 4226 quid
680 4171 752 4226 agas.
769 4154 892 4209 Laudans
906 4154 998 4209 invoca
1019 4154 1085 4209 :sed
1106 4155 1158 4208 llo·

366 4249 467 4304 urinam
484 4247 595 4304 laudans
606 4248 710 4301 invoca.
722 4245 749 4300 Si
762 4245 832 4301 enim
846 4255 871 4299 te
884 4243 1049 4309 Innumeris,
1063 4244 1097 4299 ab
1110 4243 1159 4298 ini·

365 4341 442 4397 micis
455 4341 507 4399 tuis
518 4340 607 4396 salvus
621 4354 674 4395 aea
685 4339 748 4394 eris.
762 4336 886 4393 baudans
898 4337 991 4394 invoea
1007 4335 1158 4399 bertuinum,

365 4439 393 4486 et
406 4431 440 4487 ab
453 4430 568 4486 inimicis
579 4429 631 4485 tuis
642 4429 733 4485 salvus
747 4428 812 4483 eris.
826 4427 891 4492 Quia
905 4424 967 4498 qnid
981 4426 1018 4480 ait
1038 4425 1093 4494 ipse
1110 4425 1159 4479 llo·

366 4523 472 4581 rtrirsnsi
486 4523 649 4592 Sacrificium
670 4520 753 4575 itandis
772 4519 923 4591 glorificabit
943 4533 1000 4580 orte:
1020 4528 1043 4571 et
1063 4517 1096 4572 idi
1119 4517 1159 4571 eia

366 4627 414 4683 cst,
428 4617 470 4671 ubi
484 4614 614 4671 astundam
627 4614 665 4667 illi
674 4612 786 4667 saltatore
801 4628 882 4666 urrerem
893 4611 979 4685 (Psal.
1001 4628 1078 4678 rurs,
1098 4611 1158 4677 25).

366 4707 418 4763 Ubi
432 4707 493 4761 rial
508 4707 536 4761 lu
546 4704 678 4761 sacrificio
693 4703 788 4759 luridis.
801 4702 860 4758 Noli
879 4702 974 4773 pedem
995 4711 1070 4758 extra
1090 4701 1161 4759 isaac

366 4797 435 4852 riam
451 4796 567 4853 mittere.
582 4795 612 4851 ln
637 4795 677 4849 ria
692 4801 773 4849 esto:
797 4791 875 4849 avia
898 4793 953 4848 noli
977 4793 1118 4862 recedere;
1142 4809 1159 4851 a

366 4889 443 4944 lcttrde
459 4888 564 4944 bortrini
577 4902 627 4944 nee
640 4901 774 4959 unguem,
795 4885 892 4943 nedum
905 4886 1010 4957 pedem.
1035 4887 1062 4942 Si
1087 4888 1158 4944 enim

365 4980 482 5035 vurlrveris
494 4979 528 5035 ab
541 4980 591 5035 lrae
603 4978 645 5034 ria
653 4962 775 5043 riesisse,
783 4985 810 5034 οι
819 4992 869 5048 pro
880 4977 994 5034 Domino
1003 4986 1030 5034 te
1040 4977 1157 5045 latrsdare,

365 5089 419 5128 nou
432 5072 486 5127 eris
495 5074 585 5129 salvus
596 5072 632 5127 ab
643 5071 696 5127 illis
708 5071 822 5127 inimicis
838 5089 845 5128 ι
858 5071 918 5143 quia
934 5069 968 5127 de
981 5070 1046 5142 ipsis
1058 5071 1159 5127 dietum

365 5174 417 5231 est,
438 5160 522 5219 lucta
541 5164 658 5219 semitam
676 5162 799 5219 scandalo
825 5172 963 5235 postauam
988 5163 1050 5219 rstilri
1072 5162 1158 5235 (Psoi.

365 5256 528 5328 erratui).
548 5255 679 5327 Quidquid
696 5270 760 5327 ergo
775 5256 909 5327 putareris
928 5255 990 5312 boni
1009 5265 1035 5313 te
1060 5255 1160 5313 babere

366 5348 414 5403 abs
429 5357 465 5412 te,
480 5347 620 5404 deviastis
635 5345 712 5403 laude
724 5346 781 5402 bei.
801 5345 870 5413 Quid
880 5345 936 5416 jam
950 5345 1065 5415 miraris,
1088 5347 1111 5402 si
1133 5356 1161 5402 te

368 5437 472 5494 seducit
486 5439 618 5504 inimicus,
634 5437 740 5509 quando
751 5437 787 5493 tui
800 5437 883 5510 ipsius
897 5436 1024 5493 seductor
1034 5435 1081 5494 es?
1090 5437 1160 5493 Audi

366 5531 525 5602 Apostolum
540 5547 546 5583 :
565 5529 615 5596 Qui
627 5530 693 5583 enim
709 5540 781 5602 putat
795 5547 822 5585 se
833 5530 932 5599 adonia
941 5547 1012 5598 esse,
1025 5547 1084 5587 cum
1096 5531 1161 5588 siliil

367 5622 410 5688 sit,
424 5620 648 5694 seipsnmsetlucit
659 5620 756 5690 (Galat.
773 5638 810 5689 tv,
826 5622 865 5693 3).

405 5714 431 5768 l.
447 5712 536 5769 Gratia
557 5712 585 5768 ia
606 5712 707 5769 (ilarius
720 5714 830 5767 raaainm
842 5717 937 5781 claret,
966 5725 989 5768 et
1007 5715 1034 5769 ia
1052 5716 1159 5771 latrasse.

276 5826 285 5843 ⁸
370 5801 512 5860 Dominum
529 5818 594 5886 ergo
613 5803 723 5861 attende
739 5804 909 5861 cottbtenteut
926 5822 933 5859 t
953 5805 1081 5877 (Σοοριοοο
1105 5806 1160 5874 tibi,

981 565 1009 620 S.
1030 554 1211 641 ancestral
1225 564 1375 626 uetsceet

1218 673 1305 742 l'alcr,
1329 677 1499 735 Dorsainecceli
1514 692 1536 735 ct
1551 693 1632 737 terme.
1654 685 1781 755 (Jerusalem
1799 690 1858 756 tili,
1876 693 1957 750 laudo
1972 706 2009 753 lc.

1217 762 1359 834 Lartdote,
1375 783 1427 823 non
1441 785 1537 825 accuso
1557 787 1609 826 me.
1629 777 1761 840 Quasnam
1782 786 1872 834 svamm
1893 783 2012 852 peruret

1216 856 1250 913 ad
1262 857 1344 928 ipsius
1358 860 1473 917 bominis
1485 864 1693 933 susceptionem,
1709 875 1763 923 tota
1777 872 1880 940 gratia,
1893 852 2013 949 siugula-

1217 947 1254 1002 ris
1265 948 1359 1019 gratia,
1371 949 1487 1021 perlecta
1504 954 1598 1024 gratia.
1610 955 1678 1023 Quid
1693 960 1791 1015 meruit
1803 961 1884 1017 bomo
1905 965 1952 1021 ille
1964 966 2013 1045 qni¹

1216 1036 1338 1096 Ciuistus
1358 1051 1416 1109 est,
1430 1045 1453 1099 si
1467 1045 1544 1099 tollas
1558 1048 1687 1116 gratiam,
1709 1059 1737 1106 et
1761 1060 1860 1109 tantam
1883 1058 2012 1131 gratiam,

1217 1144 1268 1202 qua
1282 1136 1516 1207 nnumoportebat
1530 1154 1590 1194 esse
1611 1139 1765 1212 Christum,
1787 1154 1815 1202 et
1839 1147 1926 1219 ipsum
1950 1164 2013 1210 esso

1216 1239 1296 1294 quem
1311 1225 1452 1282 norimus?
1466 1227 1542 1285 Ttrlle
1556 1232 1666 1300 gratiam
1681 1234 1777 1303 istam,
1796 1237 1859 1309 quid
1873 1237 2011 1311 christan,

1216 1315 1268 1372 nisi
1280 1316 1379 1375 bomo?
1392 1318 1455 1390 quid
1469 1320 1519 1376 nisi
1530 1322 1599 1392 qnod
1612 1324 1657 1378 tui
1668 1324 1789 1399 Suscepit
1800 1331 1935 1400 animant,
1952 1348 2013 1393 tus·

1215 1409 1285 1480 oepit
1298 1424 1405 1481 corpus,
1417 1413 1533 1484 suscepit
1544 1414 1649 1484 plenum
1660 1417 1795 1477 bominem
1807 1440 1814 1476 :
1827 1433 1935 1495 coaptat
1947 1425 2011 1493 siti.

1216 1516 1295 1556 unam
1319 1500 1381 1558 lacit
1404 1503 1531 1561 Dorulaus
1553 1522 1613 1561 eum
1636 1523 1716 1567 serso
1733 1528 1884 1583 personant.
1903 1517 2012 1586 Quanta

1216 1583 1265 1637 ista
1279 1585 1382 1654 gratia?
1395 1585 1516 1642 Christus
1530 1589 1556 1643 in
1571 1590 1650 1657 eoelo,
1664 1589 1786 1651 Christus
1808 1597 1835 1652 in
1851 1607 1921 1654 terra
1947 1620 1954 1656 :
1977 1602 2012 1659 si·

1215 1674 1269 1728 moi
1284 1674 1405 1731 OErristus
1416 1687 1443 1733 et
1458 1677 1564 1736 itreoeio
1576 1690 1603 1736 et
1617 1681 1643 1737 in
1658 1692 1727 1739 terra
1743 1705 1750 1741 :
1765 1689 1876 1743 aeedrto
1896 1688 2009 1763 Christi,

1215 1762 1342 1821 sedidem
1357 1766 1518 1824 Cirristuset
1540 1770 1566 1825 iu
1591 1773 1659 1828 eoelo
1683 1783 1709 1829 et
1729 1778 1756 1830 in
1779 1788 1859 1834 terra.
1883 1782 2011 1841 Christus

1214 1856 1283 1925 apud
1294 1855 1411 1927 Patrem,
1425 1857 1548 1916 Cltristus
1562 1862 1587 1917 in
1601 1871 1676 1919 utero
1689 1867 1798 1939 virginis
1816 1888 1825 1924 ε
1839 1871 1961 1931 (insistes
1980 1876 2013 1943 in¹

1214 1963 1303 2014 eruce,
1314 1949 1436 2008 Clrristus
1451 1953 1520 2023 apud
1534 1953 1634 2011 inieras
1649 1959 1810 2018 subveniens
1829 1963 2013 2035 quibusdam:

1214 2055 1244 2095 ea
1256 2051 1343 2098 autem
1355 2042 1409 2114 ipsa
1425 2044 1468 2101 die
1490 2045 1610 2103 Christus
1629 2049 1655 2104 in
1673 2052 1796 2121 paradiso
1821 2070 1881 2111 curn
1903 2058 2012 2127 latropa

1214 2135 1370 2190 condiente.
1385 2136 1418 2190 Et
1431 2136 1467 2190 ibi
1481 2138 1623 2210 latroquid
1639 2144 1755 2209 nreruit,
1774 2145 1825 2201 nisi
1849 2148 1912 2219 quia
1934 2122 2013 2207 tttiln'

1214 2222 1282 2278 riam
1296 2226 1388 2292 tenent,
1401 2226 1445 2282 nbi
1457 2229 1573 2285 ostendit
1587 2232 1702 2288 salutare
1723 2238 1820 2290 saurir?
1834 2238 1857 2292 Α
1879 2254 1933 2310 qua
1960 2242 2009 2298 tibi

1214 2330 1261 2385 pas
1276 2331 1328 2371 noa
1340 2327 1427 2374 exeat.
1441 2318 1469 2375 ln
1485 2336 1520 2376 eo
1532 2322 1603 2377 enim
1616 2323 1687 2393 quod
1704 2339 1734 2380 se
1747 2326 1899 2397 amusarit,
1924 2324 2010 2388 ὓοοιιο

1213 2406 1339 2478 laudavit,
1354 2419 1381 2467 οι
1393 2412 1473 2468 sitam
1492 2429 1567 2470 suam
1589 2415 1694 2472 beatam
1717 2416 1810 2474 feeit¹.
1834 2418 2009 2495 Praesumpsit

1213 2501 1320 2570 quidem
1334 2516 1349 2556 a
1365 2504 1487 2571 bertino,
1501 2515 1529 2560 et
1543 2506 1579 2559 ait
1593 2506 1641 2571 illi,
1659 2505 1785 2576 llamine,
1804 2523 1931 2568 memma
1947 2516 2006 2582 Μ’,

1213 2607 1271 2645 cam
1288 2595 1383 2648 eveneris
1396 2595 1422 2649 in
1443 2611 1547 2667 reqnnm
1560 2605 1641 2652 tanat.
1668 2597 1858 2658 Considerabat
1874 2604 1949 2661 attint
1970 2605 2008 2661 la·

1213 2683 1304 2738 citrosa
1317 2701 1373 2751 stra,
1391 2695 1418 2740 et
1431 2702 1480 2757 pra
1493 2703 1588 2760 magno
1604 2689 1727 2754 babebat,
1744 2692 1767 2747 si
1788 2693 1812 2749 ei
1832 2694 1874 2750 rel
1900 2695 1928 2751 in
1954 2695 2009 2755 itte

1214 2785 1377 2842 parceretur.
1391 2776 1518 2832 bertuinus
1533 2787 1622 2834 autem
1635 2781 1771 2849 continuo,
1787 2797 1847 2838 eum
1867 2784 1915 2841 ille
1933 2758 2012 2845 alios-¹

1213 2874 1264 2932 ret,
1280 2865 1405 2921 llcrnento
1419 2869 1485 2935 trrsr';
1500 2869 1546 2924 sed
1555 2870 1677 2940 qnando?
1690 2870 1753 2926 Cam
1763 2874 1895 2931 nauminia
1904 2892 2008 2949 reqrssu

1214 2966 1284 3010 trium
1298 2972 1307 3011 .·
1322 2956 1411 3022 Arinen,
1428 2959 1527 3030 inquit,
1543 2962 1599 3016 dico
1621 2962 1675 3028 tili,
1691 2963 1766 3018 lroclie
1787 2981 1883 3020 nemum
1909 2966 1958 3023 eris
1980 2966 2008 3025 t'ts

1213 3048 1332 3116 paradiso
1349 3048 1424 3119 (Lac.
1445 3067 1526 3118 uuirt,
1550 3053 1605 3120 tt,
1625 3051 1681 3126 ld).
1708 3054 1890 3115 Misericordia
1912 3058 2009 3119 obtulit

1212 3139 1530 3210 quodmtseruoutun.
2007 3130 2011 3147 “

1248 3229 1361 3287 (ΣΛΡΗΤ
1377 3231 1408 3287 tl.
1420 3233 1489 3290 -8.
1510 3233 1588 3291 Fides
1600 3235 1722 3310 deturpata
1734 3238 1857 3310 superbis.
1873 3238 2012 3317 Sapientes.

1212 3331 1236 3376 et
1257 3322 1400 3393 prudentes.
1425 3323 1539 3380 Parvuli.
1566 3327 1665 3382 Stultus
1694 3330 1837 3385 tertelrosas
1856 3331 1886 3384 in
1921 3332 2007 3403 corde

1212 3414 1282 3471 nunt
1292 3430 1355 3486 ergo
1369 3416 1508 3471 Dominum
1523 3418 1694 3474 carnutensem
1711 3419 1857 3491 :Cortpteor
1871 3422 1936 3491 att,
1952 3420 2008 3477 eu·

1213 3515 1261 3575 ter,
1277 3506 1384 3562 Doarine
1398 3507 1455 3562 cccli
1469 3518 1492 3562 et
1506 3517 1588 3564 terra.
1601 3510 1670 3577 Quid
1686 3510 1837 3571 retaliteor?
1851 3512 1879 3568 ia
1903 3528 1958 3587 que
1968 3520 2009 3587 lq

1212 3599 1312 3655 laudo?
1326 3599 1389 3656 lime
1401 3602 1472 3656 enim
1485 3600 1628 3667 eenlessio,
1643 3612 1673 3658 ut
1693 3603 1759 3671 diri,
1783 3604 1889 3661 laudem
1916 3605 2006 3665 tabet

1215 3689 1282 3757 Quia
1293 3690 1446 3746 abscondisti
1456 3692 1510 3747 ltcec
1531 3678 1715 3763 asapientibns
1735 3703 1759 3747 et
1779 3694 1957 3765 prudentibus,
1978 3676 2007 3755 ¹cl

1212 3782 1328 3838 revelasti
1344 3784 1507 3855 caparanlis.
1522 3782 1589 3852 Quid
1611 3796 1652 3841 est
1667 3786 1727 3851 boc,
1748 3786 1867 3844 iratres!
1890 3790 1913 3844 Α
1937 3804 2006 3847 οοιι·

1214 3876 1295 3933 traria
1306 3890 1386 3932 sensu
1401 3877 1548 3948 intelligite.
1566 3878 1724 3934 tlbscoadicti
1741 3882 1805 3945 trac,
1820 3880 1945 3951 inquito
1964 3898 2008 3939 ss-

1214 3969 1337 4036 pienlibas
1349 3977 1371 4023 el
1382 3968 1545 4039 prudenadas
1561 3981 1612 4025 :et
1632 3985 1685 4024 tren
1704 3970 1790 4038 dixit,
1815 3971 1951 4027 ueremni
1976 3988 2009 4029 ea

1212 4061 1300 4116 stultis
1314 4070 1341 4118 et
1358 4062 1585 4132 imprudentibus:
1599 4062 1645 4119 sed
1660 4063 1714 4130 ait,
1727 4063 1887 4118 abscondisti
1900 4064 2008 4137 quiderm

1212 4154 1396 4224 asapieatibns
1410 4165 1434 4208 ct
1453 4153 1635 4225 pradonibus,
1658 4164 1681 4210 et
1700 4154 1813 4209 revelasti
1829 4170 1861 4209 ee
1884 4154 2007 4226 parulis.

1212 4245 1383 4317 sapientibus
1405 4255 1432 4301 et
1451 4246 1624 4317 prudentibus
1646 4247 1804 4315 irridendis,
1820 4246 2013 4321 arrogantibus

1213 4340 1279 4394 lnlso
1290 4338 1445 4410 grandibus,
1458 4353 1520 4394 rere
1532 4348 1620 4393 autem
1636 4339 1807 4405 innuentibus,
1817 4339 1944 4409 opposuit
1955 4354 2013 4405 rttsa¹

1213 4431 1378 4502 insipientes,
1390 4443 1443 4484 non
1456 4427 1638 4499 imprudentes
1646 4429 1668 4495 ²,
1678 4427 1725 4484 scd
1737 4429 1872 4498 parturies.
1884 4428 1935 4496 Qui
1947 4436 2011 4499 suut

1213 4520 1334 4592 parvuli?
1347 4518 1476 4576 llumilcs.
1489 4520 1569 4590 Ergo,
1582 4518 1741 4573 nonnanes·
1754 4520 1807 4573 laec
1821 4535 1836 4571 a
1851 4518 2008 4591 sapientilss

1212 4625 1235 4671 et
1249 4613 1422 4685 prudentibus.
1431 4612 1543 4668 Nomine
1557 4612 1714 4682 sapientium
1726 4619 1753 4666 et
1765 4610 1950 4681 prudentium.
1960 4626 2005 4667 su·

1212 4708 1309 4783 perbos
1322 4705 1432 4778 intelligi
1450 4706 1506 4776 ipse
1525 4706 1666 4776 esposuit,
1682 4720 1743 4761 cum
1761 4705 1809 4771 ait,
1829 4704 1956 4761 Renebui
1978 4720 2006 4761 es

1212 4797 1334 4869 pantanu.
1357 4796 1427 4870 Ergo
1444 4795 1615 4867 abscondisti
1634 4811 1687 4853 aea
1705 4793 1833 4866 parvulis.
1850 4793 1921 4862 Quid
1947 4802 2005 4855 est.

1213 4906 1266 4944 non
1279 4886 1413 4962 parvulis?
1422 4886 1481 4944 Non
1495 4886 1648 4945 lturnilibus.
1660 4885 1728 4954 Quid
1738 4895 1779 4942 est
1791 4927 1798 4951 ‚
1816 4899 1871 4941 aon
1896 4884 2003 4943 hucub-

1212 4980 1272 5044 bus,
1288 4979 1337 5034 nisi
1348 4978 1489 5049 superbis?
1502 4976 1524 5033 0
1538 4977 1579 5032 via
1593 4976 1712 5032 bertuini!
1728 4987 1774 5031 aut
1786 4990 1839 5031 non
1859 4974 1946 5044 erst⁸,
1960 4976 2007 5032 atti

1212 5070 1321 5138 latebat,
1334 5078 1365 5124 ut
1378 5069 1541 5125 revelaretur
1553 5068 1639 5123 nobis.
1654 5067 1730 5126 Unde
1741 5066 1872 5123 Dominus
1885 5066 2005 5123 exsulta·

1212 5161 1344 5229 ritlQuia
1357 5161 1502 5217 revelatam
1512 5169 1553 5217 est
1565 5160 1689 5231 parvulis.
1704 5160 1835 5217 bebetuas
1855 5176 1916 5217 esse
1945 5174 2007 5233 par·

1212 5254 1283 5321 vuli;
1299 5270 1359 5308 rnatu
1372 5254 1396 5308 si
1408 5253 1570 5309 voluerimus
1581 5268 1641 5309 esse
1656 5252 1753 5324 nutgni,
1774 5251 1849 5323 quusi
1871 5251 2008 5323 sapiettles

1212 5354 1240 5401 et
1255 5345 1406 5415 prodentes,
1422 5359 1475 5401 non
1486 5344 1562 5400 nobis
1574 5343 1638 5399 illud
1653 5344 1795 5399 revelatur.
1811 5343 1863 5411 Qui
1879 5356 2007 5409 sumam·
2026 5334 2030 5339 ’

1213 5436 1276 5509 gaii
1290 5437 1428 5506 &spiritns
1437 5444 1466 5492 et
1478 5433 1755 5513 prudentesrlliceates
1767 5450 1794 5490 sc
1803 5450 1857 5490 esse
1868 5435 2008 5504 sepiem,

1213 5529 1283 5584 studi
1294 5531 1434 5602 pectinant.
1447 5526 1535 5584 llabes
1548 5528 1694 5584 remedium
1709 5544 1725 5583 a
1741 5528 1887 5585 eorrtrario.
1911 5527 1940 5585 Si
1965 5526 2008 5583 dt-

1214 5622 1300 5678 cendo
1311 5630 1337 5677 te
1350 5636 1412 5677 esse
1422 5620 1569 5693 sapientem
1578 5621 1674 5677 stultus
1687 5619 1774 5676 lactus
1787 5635 1836 5689 es;
1847 5618 1892 5676 die
1904 5628 1933 5676 te
1942 5618 2011 5677 stul·

1248 5757 1256 5787 ¹
1271 5762 1319 5802 tm.
1329 5758 1367 5800 er.
1380 5757 1407 5801 et
1417 5750 1510 5813 aliquot
1520 5756 1584 5808 uss..
1595 5755 1619 5801 et
1630 5748 1702 5800 eumn
1712 5763 1781 5800 marn
1791 5748 1885 5800 emtori
1892 5760 2011 5814 prm

1215 5810 2009 5929 peg‘;oorlssorerbo,lecr't‚cujusloeodsostm.lsalsfl.

402 5937 411 5969 ¹
424 5947 472 5989 troc
481 5937 535 5989 loco
549 5940 611 6002 apud
623 5947 677 5994 tor.
689 5940 792 6003 additru,
804 5938 875 6005 inae·
886 5939 950 6006 quod
962 5953 976 5991 a
986 5942 1083 5994 caeteris
1097 5941 1164 5993 libris
1249 5944 1258 5972 ’
1272 5913 1321 5987 lm·
1333 5935 1604 6006 l1·⁰1l‘¹⁰¹'i‘lu⁰l¹,⁵5·2
1617 5937 1858 6001 ”mmmmm
1870 5938 2010 6004 limfi-

361 5995 446 6059 meac

1252 6004 1262 6034 ⁸
1274 5998 1421 6052 fossatensis
1432 6005 1484 6061 us,
1495 6011 1567 6061 «paon
1579 5999 1616 6051 tia
1626 5998 1721 6052 mered
1731 6008 1773 6053 aaa
1782 6013 1829 6053 tran
1839 6006 1902 6061 erat.
1915 6009 1964 6056 ete.
