4759 6684
824 526 940 588 ΒΕΜΙΟ
955 528 1057 592 cuxtt.

365 651 480 712 SERHO
498 654 589 713 CLXII
601 657 650 732 (o).

275 806 389 881 posted,
405 809 491 868 Omne
505 823 642 882 peccorum
661 815 846 890 quodcumque
868 819 904 876 te·

275 912 323 969 ιο,
341 908 417 957 extra
437 915 534 974 corpus
546 915 603 972 est;
622 905 666 976 uui
686 916 774 964 autern
794 909 908 966 fornice·

275 1002 373 1063 eorpus
390 993 527 1063 proprium
549 1005 650 1065 peccet.
673 996 683 1052 Ι
703 995 763 1054 Cor.
779 1014 837 1070 cup.
856 1014 904 1067 rr,

275 1083 290 1138 i.

414 1270 602 1314 ΓΙΔΕΙΒΝΤΙῙΙ.

275 1406 313 1463 iiis
334 1412 438 1481 prestio
462 1429 493 1467 cs
515 1414 594 1469 uerbis
629 1417 755 1489 Apostoli.
784 1420 903 1489 Quzustio

275 1494 485 1555 itiorinthiorunn
497 1503 567 1558 beuti
582 1504 654 1560 Ponti
667 1509 790 1578 apostoli,
804 1511 849 1568 ubi
861 1512 904 1568 di·

275 1599 404 1661 peccoturn
420 1593 593 1665 quodeunque
612 1600 699 1668 secuit
714 1600 810 1670 borno,
830 1612 903 1658 estro

275 1680 337 1751 rest
348 1692 431 1736 autern
446 1686 602 1755 fornicatur,
622 1688 648 1743 in
662 1706 754 1760 corpus
769 1695 900 1764 proprium

275 1769 356 1827 eiosi
370 1774 455 1843 possit
469 1776 502 1830 od
521 1776 648 1848 liquidum
662 1781 792 1851 dissolri,
808 1801 900 1855 quem·

275 1858 387 1919 donante
404 1863 530 1933 licutino,
541 1867 640 1938 aliquid
654 1871 714 1928 inde
729 1875 901 1943 probabiliter

275 1950 312 2011 lut
321 1953 450 2024 protunda
461 1965 513 2012 cst.
526 1957 592 2014 Nnrn
602 1975 662 2017 curo
675 1965 798 2034 superius
812 1967 840 2022 in
854 1983 900 2024 eu·

275 2040 302 2099 ds
316 2042 459 2115 Apostolus
472 2047 583 2116 diceret,
597 2050 685 2109 Nolite
698 2071 805 2111 errore:
821 2075 910 2130 nepus·

275 2149 376 2206 ,mus
388 2137 464 2192 idotis
474 2141 615 2210 servientes,
630 2161 709 2216 neque
717 2147 837 2217 odutteri,
853 2168 898 2208 ne·

277 2242 358 2300 suque
369 2232 537 2286 musculorum
552 2235 740 2306 concubitores,
762 2257 842 2314 neque
855 2247 897 2316 su·

275 2319 346 2385 nuri,
361 2337 440 2393 neque
452 2323 553 2392 ebriosi,
566 2344 645 2397 neque
660 2331 797 2402 rnutedici,
819 2352 897 2407 neque

275 2423 325 2463 tuos
336 2408 386 2465 Dei
396 2413 556 2481 possidebunt
569 2433 579 2471 .·
593 2429 619 2472 ct
632 2421 709 2490 poulo
722 2433 791 2494 post,
809 2425 896 2482 Nesci·

275 2498 353 2555 rsricm
372 2518 479 2573 corporo
491 2515 571 2562 oestro
583 2511 693 2566 membro
711 2524 769 2569 suot
782 2514 875 2573 Ctsristi
882 2520 895 2574 i

275 2592 401 2649 nurembm
417 2595 525 2665 mesisti,
540 2602 634 2671 [orions
652 2606 764 2661 orensbru
784 2612 895 2666 mustri-

275 2681 302 2737 in
313 2686 413 2740 crescitis
422 2688 481 2758 quio
491 2691 534 2760 qui
543 2691 654 2748 udboeret
669 2699 800 2764 meretrici,
815 2718 894 2759 terrum

281 2773 364 2832 Erunt
378 2780 455 2847 enim,
467 2782 562 2852 inquit,
575 2786 625 2840 duo
639 2786 666 2841 in
678 2804 754 2845 corne
767 2809 828 2849 unu.
843 2794 896 2860 Qui

275 2876 308 2922 ret
320 2866 438 2936 Doctrina,
453 2889 518 2929 unus
527 2877 630 2945 spiritus
644 2887 690 2933 est.
707 2880 732 2934 F
733 2885 800 2954 upite
812 2887 893 2956 [orni-

275 2966 337 3031 tqtte
351 2961 386 3016 ibi
401 2962 548 3034 subjunxit,
566 2969 647 3024 (inune
662 2984 793 3043 pcerotum
809 2980 890 3049 quoci-

275 3049 301 3103 r't
313 3050 398 3120 bomo,
409 3065 481 3110 ectco
494 3074 584 3126 corpus
598 3073 651 3127 est;
661 3065 705 3134 oui
715 3075 800 3121 nutem
812 3071 892 3139 [omi-

275 3146 577 3227 puspropriunrxpeccot.
595 3152 633 3207 Αιι
651 3156 817 3229 nescitisout'o
832 3176 891 3216 cor·

275 3246 298 3298 t,
322 3236 443 3305 tempium
463 3239 489 3292 in
509 3240 577 3296 uobis
602 3242 714 3315 Spiritus
731 3251 812 3319 suncti
832 3260 888 3322 est,

275 3338 281 3377 t
296 3339 315 3379 u
335 3324 405 3393 Deo,
428 3339 451 3383 et
471 3347 521 3385 non
536 3335 595 3388 estis
609 3338 708 3392 uestri?
723 3339 810 3413 Empti
823 3346 889 3400 eninr

283 3430 375 3490 usquo
390 3435 400 3473 .·
414 3421 558 3492 piorificute
582 3437 605 3480 et
629 3439 727 3499 portate
749 3433 832 3489 Deurn
862 3438 888 3493 irr

275 3520 390 3563 roccsnu
410 3524 473 3580 crgo
490 3515 572 3568 mutuo
595 3527 621 3571 et
638 3516 770 3575 horrendo
791 3524 817 3578 in
836 3523 888 3583 hoc

275 3612 490 3660 uerrumerossct
505 3605 641 3664 honrinurn
658 3623 776 3683 peccatu,
790 3617 887 3687 quibus

278 3704 389 3765 regnum
403 3694 459 3761 bet,
471 3713 529 3767 quuc
543 3707 630 3757 tumen
647 3706 751 3761 nonnisi
767 3723 815 3778 per
823 3725 885 3766 cor·

275 3782 306 3841 ui
327 3785 361 3841 ub
377 3785 529 3846 bominibus
544 3804 670 3862 possunt;
696 3798 767 3867 quod
788 3815 885 3871 corpus

275 3873 394 3945 idetiuns,
407 3882 534 3951 ternplum
548 3899 608 3940 esse
622 3886 685 3945 dicit
696 3887 809 3959 spiritns
823 3907 886 3950 sun·

275 3963 374 4023 tbernus
388 3983 403 4023 e
417 3969 488 4037 Deo;
509 3972 618 4043 ipsaque
632 3979 752 4034 membro
765 3984 885 4053 corporis

275 4056 320 4115 bre
333 4075 394 4117 csse
405 4073 540 4119 assereret
555 4066 652 4123 Christi
666 4087 672 4123 ι
686 4072 720 4127 de
732 4072 827 4143 quibus
838 4091 883 4132 or·

275 4148 367 4207 noum
389 4154 469 4208 modo
489 4155 687 4229 interrogando,
710 4163 765 4217 uit:
780 4163 883 4223 Totiens

275 4239 406 4309 thristt,
423 4245 515 4314 [udum
536 4250 645 4303 merrrbru
667 4255 825 4310 meretricis?
840 4274 883 4315 rc·

275 4346 280 4386 t
302 4332 364 4402 sitsi,
385 4335 474 4403 Absit,·
494 4339 636 4412 subjungat
656 4344 742 4402 adhue
761 4356 787 4403 et
800 4348 880 4420 dicut,

275 4423 337 4478 riom
355 4427 399 4497 oui
417 4427 527 4484 adiceret
543 4434 676 4499 meretrici,
697 4452 775 4491 unum
790 4456 882 4512 corpus

275 4529 311 4581 sss,
325 4515 416 4586 inquit,
437 4518 487 4573 cisto
502 4520 528 4575 in
551 4538 627 4579 corne
649 4541 701 4580 uno
713 4544 723 4581 .·
735 4530 779 4599 qui
797 4540 881 4589 cutem

275 4603 333 4672 tino,
348 4622 412 4661 unrss
426 4610 530 4677 spiritus
544 4621 598 4677 est;
612 4624 640 4670 et
660 4619 810 4689 concludat,
824 4621 881 4678 rn-

275 4710 338 4750 nrern
347 4699 486 4769 :sequitur
497 4711 583 4758 tomen
595 4704 662 4776 ipse,
677 4718 703 4764 et
713 4710 786 4780 dicit,
800 4712 881 4772 Omne

275 4788 411 4862 sdcunspne
428 4792 515 4862 feccrit
533 4796 616 4861 bomo,
638 4810 708 4855 estro
722 4820 812 4877 corpus
825 4820 879 4875 est;

275 4877 385 4947 ιιῐιαιιιν,
398 4881 425 4935 in
441 4899 533 4957 corpus
547 4890 677 4958 proprium
688 4904 792 4962 peccut;
803 4900 878 4967 quasi

275 4967 476 5028 rdinumerovit
489 4987 606 5047 precato,
620 4980 721 5049 dicens,
736 4985 824 5042 Notite
836 5007 877 5045 rr·

275 5061 444 5130 precatores,
461 5082 540 5136 neque
553 5067 628 5125 idotr's
638 5075 782 5142 servientes,
799 5094 878 5149 neque

275 5166 302 5207 te
314 5153 412 5221 snottes,
425 5171 502 5223 nepus¹
512 5160 681 5215 moscutorunr
694 5167 875 5239 concubitores,

275 5256 353 5313 neque
363 5246 444 5308 orori,
456 5263 533 5317 neque
546 5250 645 5317 ebriosi,
662 5269 740 5324 neque
749 5259 875 5326 muiedici,

277 5348 400 5404 ,repunm
410 5334 459 5389 Dei
474 5340 652 5408 possidebnnt;
672 5345 721 5399 isra
734 5349 821 5403 omnio
835 5349 874 5404 so·

275 5421 341 5493 pitin,
363 5428 490 5496 numquid
512 5431 616 5485 nosnrisi
639 5447 686 5501 per
706 5449 803 5506 corpus
817 5438 873 5494 fleri

285 5517 433 5585 pocssrut¹t
453 5518 516 5586 Quis
533 5521 583 5577 troc
604 5525 660 5579 soni
681 5528 774 5597 cupitis
794 5529 874 5587 horno

275 5684 396 5751 Wm'it'
406 5703 449 5753 per
461 5704 547 5749 sorbus
564 5693 620 5758 ficri
634 5706 674 5749 ont
692 5703 803 5755 coerceri
817 5718 872 5768 pcr-

275 5838 402 5893 gusentunr
416 5834 432 5884 ὅ
444 5835 469 5885 tn
478 5841 575 5900 sensuit
584 5841 729 5896 euticetiouc
745 5858 869 5912 repertum

275 5893 375 5943 mad!
392 5901 444 5945 (xor.
462 5913 493 5948 rs.
507 5904 648 5963 instigatur
671 5918 709 5959 est
723 5911 751 5958 ιιιΙ
771 5918 823 5962 diss.
846 5925 871 5967 ct

275 5966 292 6003 e
303 5955 451 6016 precedenti
463 5961 532 6011 uredo
543 5963 691 6024 denignutos.

961 650 1118 719 negaverit?
1141 652 1239 715 Totum
1262 663 1360 737 quippe
1381 669 1461 727 istoru
1486 672 1574 735 locurn
1598 680 1754 756 Apostolus,

961 750 1069 812 propter
1091 741 1178 815 tpsun
1190 762 1288 822 corpus
1306 755 1361 826 jum
1373 770 1491 832 emptum
1505 768 1592 837 pretio
1606 788 1711 847 magno,
1727 780 1753 835 id

960 841 1011 898 est,
1026 833 1126 894 Christi
1139 843 1268 915 sunguine
1281 851 1409 923 pretioso,
1425 859 1552 929 temptum
1565 860 1678 935 Spiritus
1689 886 1752 928 san-

958 925 994 979 ru
1007 923 1105 985 tactum
1118 946 1138 988 a.
1154 931 1277 1006 Domino,
1297 955 1332 997 ne
1347 944 1443 1003 tatibus
1457 947 1564 1023 flagitiis
1577 956 1751 1032 pottuereun,

960 1015 1004 1070 uu
1019 1020 1107 1089 potius
1123 1022 1279 1086 inuiolatum
1295 1039 1419 1106 unquam
1439 1030 1493 1097 Det'
1503 1041 1680 1106 usotucutnn
1694 1066 1751 1110 scr·

958 1118 1077 1176 voretur,
1094 1114 1189 1184 egebat
1209 1126 1239 1177 et
1258 1118 1427 1185 defendebat.
1449 1129 1537 1199 Quare
1557 1150 1621 1209 ergo
1641 1141 1751 1213 subjun-

956 1212 1019 1268 gerc
1032 1204 1113 1260 rotuir
1126 1206 1188 1279 troc,
1202 1213 1272 1270 unde
1286 1215 1400 1276 difficilis
1415 1226 1528 1293 questio
1538 1241 1707 1303 nasceretur;
1723 1238 1748 1293 id

957 1298 1007 1356 cst,
1030 1305 1058 1349 nt
1080 1296 1191 1369 diceret,
1215 1302 1296 1361 Orsene
1316 1321 1445 1379 peccatum
1465 1317 1640 1392 wodcumpue
1661 1327 1748 1397 secent

956 1380 1040 1446 bonno.
1056 1396 1127 1442 estro
1146 1407 1237 1464 corpus
1251 1407 1305 1463 est;
1318 1402 1364 1471 oui
1375 1413 1459 1460 cutem
1473 1409 1625 1482 fornicetur,
1646 1416 1673 1471 tn
1690 1433 1748 1473 cor-

956 1487 1003 1539 pus
1018 1490 1091 1530 suunt
1112 1491 1287 1549 percotccum
1307 1489 1363 1546 stne
1384 1491 1440 1563 ipso
1454 1494 1603 1569 fornicatio,
1618 1505 1673 1562 sire
1694 1508 1746 1564 stin

955 1560 1117 1637 hujusmodi,
1132 1586 1191 1641 quse
1202 1577 1307 1633 nonnisi
1319 1596 1472 1656 percorpus
1489 1589 1554 1647 fiunt
1567 1604 1675 1665 peoests
1692 1605 1746 1656 tur·

953 1654 1066 1724 pitudiui
1083 1669 1110 1716 et
1124 1660 1293 1727 fornicationi
1312 1673 1455 1747 sinttttrnn,
1470 1684 1574 1740 nonnisi
1596 1689 1745 1763 peripsum

952 1760 1050 1818 eorpus
1069 1762 1196 1822 gerentur
1209 1767 1288 1830 obrue
1302 1771 1498 1826 exerceantur?
1512 1773 1579 1842 Quid
1594 1780 1686 1835 enimi
1697 1797 1746 1853 po·

953 1840 1049 1898 teritne
1063 1859 1123 1901 esse
1143 1850 1273 1922 quispiam
1289 1854 1327 1927 (ιιι
1349 1870 1445 1918 ιιιῑιιιι
1461 1868 1582 1936 superius
1597 1886 1743 1932 memoratu

952 1931 1065 2007 toccum)
1079 1933 1131 2005 tur,
1147 1940 1189 1996 ret
1210 1942 1341 2014 ebriosus,
1358 1951 1398 2006 rel
1414 1955 1568 2030 nrotedicus,
1589 1963 1630 2019 ret
1649 1981 1742 2037 sopor,

950 2030 1025 2077 estro
1037 2029 1218 2095 operationem
1233 2041 1353 2108 corporis
1368 2041 1469 2114 hujus?
1487 2048 1613 2117 Quonnis
1626 2072 1675 2113 nec
1687 2058 1742 2129 ipso

950 2110 1100 2172 idololotria
1111 2136 1198 2193 neque
1213 2125 1269 2196 ipso
1283 2132 1403 2201 avaritie,
1419 2147 1517 2207 preter
1531 2147 1668 2202 servitium
1680 2165 1742 2206 cor·

949 2203 1023 2273 poris
1036 2207 1115 2279 hujus
1127 2214 1224 2283 poterit
1237 2218 1270 2273 ud
1284 2236 1359 2279 usum
1374 2224 1540 2302 fructumque
1558 2250 1636 2293 sirum
1650 2256 1743 2310 perre-

949 2296 1017 2352 uire.
1031 2297 1101 2366 Quid
1115 2313 1156 2361 est
1170 2321 1246 2379 ergo,
1261 2310 1342 2368 Otnne
1351 2330 1481 2386 peccatum
1490 2326 1662 2400 qrcocieunrque
1676 2336 1742 2406 fece·

948 2387 982 2440 rit
997 2392 1082 2459 borno,
1101 2405 1173 2451 extro
1194 2415 1286 2472 corpus
1305 2415 1359 2473 est;
1379 2411 1424 2478 qui
1442 2422 1525 2469 nutent
1542 2417 1693 2491 fornicetur,
1714 2427 1740 2482 in

948 2494 1041 2550 corpus
1053 2488 1185 2554 proprium
1197 2494 1302 2561 peccat?
1312 2495 1439 2568 Primum,
1451 2505 1512 2574 quio
1527 2508 1552 2562 in
1566 2527 1679 2582 corpore
1688 2516 1740 2573 isto

947 2568 1029 2628 homo
1042 2578 1211 2650 constitutus,
1225 2585 1351 2657 quidquid
1365 2592 1423 2648 soto
1442 2601 1543 2653 unuorn
1563 2602 1652 2659 aninro
1664 2616 1740 2675 pote·

947 2663 982 2718 rit
996 2664 1087 2737 inique
1099 2673 1299 2744 concupiscere,
1314 2678 1366 2735 dici
1381 2698 1434 2739 uon
1451 2684 1539 2757 potdst
1553 2703 1626 2748 extro
1642 2711 1738 2767 eorpus

946 2753 998 2811 boc
1010 2754 1146 2817 homiuem
1159 2760 1259 2832 fouere,
1275 2782 1334 2825 curn
1349 2783 1454 2830 constet
1470 2793 1530 2834 curn
1544 2784 1642 2839 carnnti
1658 2801 1736 2843 serrsn

945 2854 972 2902 et
986 2851 1085 2921 cornuti
1098 2853 1238 2923 prudentis
1259 2862 1310 2916 boc
1322 2877 1411 2934 egere,
1428 2867 1479 2923 isto
1493 2871 1580 2929 odtnrc
1593 2876 1738 2935 circusnse-

945 2949 1018 3010 ptum
1030 2958 1152 3015 corpore.
1164 2946 1231 3004 Nom
1244 2960 1271 3006 et
1283 2955 1353 3023 quod
1367 2955 1394 3012 in
1412 2958 1518 3016 Psolrno
1537 2964 1664 3036 scriptum
1683 2981 1734 3037 est,

944 3027 1016 3085 Dicit
1028 3033 1121 3105 impius
1130 3037 1157 3092 in
1169 3040 1245 3095 corde
1254 3059 1309 3110 suo,
1325 3045 1385 3101 Nou
1395 3059 1432 3104 est
1442 3049 1510 3107 Deus
1522 3053 1606 3127 (Psoi.
1620 3074 1673 3124 ιιιιι,
1691 3062 1733 3133 it:

944 3120 1014 3179 idern
1029 3123 1122 3183 beatus
1138 3129 1234 3190 bantus
1245 3138 1382 3204 spostolus
1395 3157 1446 3196 nou
1461 3146 1545 3213 putuit
1558 3149 1647 3219 rsttqne
1659 3166 1735 3224 sepu-

943 3229 1032 3273 roreo
1048 3223 1180 3292 corporali
1193 3239 1286 3295 opere,
1301 3228 1345 3284 itte
1365 3231 1424 3288 toeo
1438 3233 1482 3290 ubi
1497 3238 1542 3302 ait,
1559 3238 1652 3298 Onnes
1664 3253 1734 3298 osto·

942 3304 1024 3363 bintus
1035 3320 1094 3367 unte
1108 3313 1221 3370 tribunat
1232 3314 1335 3389 Cbristi,
1351 3333 1379 3376 ut
1389 3325 1495 3396 recipiet
1508 3333 1677 3404 unusquisque
1695 3353 1734 3392 se-

941 3401 1051 3457 cuudum
1064 3421 1095 3459 eo
1104 3423 1162 3478 quse
1174 3426 1321 3485 percorpus
1332 3417 1419 3487 pessit,
1434 3421 1484 3475 sine
1496 3422 1598 3492 bonnus,
1615 3428 1665 3482 sire
1679 3445 1734 3483 rno-

940 3494 993 3547 tunr
1005 3496 1038 3568 (lt
1051 3496 1109 3554 Cor.
1121 3516 1148 3569 r,
1161 3500 1217 3575 to).
1232 3505 1299 3573 Quia
1310 3507 1433 3566 videtices
1452 3516 1556 3570 nonnisi
1578 3517 1602 3571 in
1617 3535 1730 3590 corpore

940 3587 1098 3642 constitutus
1111 3588 1208 3661 impius
1220 3596 1307 3664 potuit
1319 3597 1417 3666 dicere,
1436 3600 1496 3657 Non
1508 3614 1544 3659 est
1558 3606 1634 3662 deus.
1648 3608 1682 3665 Ut
1693 3621 1733 3664 to·

938 3687 1013 3728 ccum
1026 3676 1096 3746 quod
1109 3678 1137 3734 in
1146 3681 1197 3736 aiio
1210 3682 1327 3754 Epistola
1341 3686 1397 3759 ipse
1410 3690 1507 3746 Ductor
1517 3694 1640 3751 Gerniunr
1655 3699 1730 3765 dicit,

915 3803 918 3810 .
939 3761 1078 3836 Murrisestu
1090 3780 1174 3826 cutem
1182 3784 1242 3829 snnt
1253 3792 1330 3848 opero
1339 3783 1423 3836 cornis
1432 3799 1441 3836 .·
1451 3793 1478 3839 et
1491 3789 1654 3857 exsequitur,
1666 3789 1730 3857 Quo

938 3867 996 3911 sunt
1005 3862 1196 3931 fornicationes,
1210 3868 1384 3933 immunditie.
1402 3872 1519 3942 luxurior,
1540 3880 1667 3950 ueneficio,
1681 3884 1731 3937 ini-

937 3948 1048 4016 tnr'citr'ce,
1067 3956 1247 4027 contentiones,
1267 3961 1451 4031 emulationes,
1473 3969 1655 4040 oninrositotes,
1672 3974 1728 4031 ttr-

937 4041 1073 4108 sensiones,
1090 4044 1208 4115 itoercses,
1229 4052 1338 4119 invictius,
1361 4054 1498 4122 ebrietates,
1521 4071 1543 4114 ct
1562 4063 1602 4116 tris
1618 4065 1729 4133 sinritio,·

936 4147 992 4199 putu
1006 4135 1115 4202 predico
1129 4137 1208 4205 uobis,
1221 4141 1285 4195 sient
1298 4145 1414 4214 prodici,
1429 4149 1490 4218 quio
1504 4152 1548 4219 qni
1561 4153 1624 4207 tolio
1637 4166 1726 4226 coutet,

936 4236 1040 4291 repnnns
1051 4222 1099 4277 Dei
1116 4242 1167 4281 non
1187 4231 1352 4300 possidebunt
1368 4234 1464 4307 (untur.
1480 4256 1505 4304 r,
1523 4241 1626 4314 tto-21).
1644 4244 1727 4300 Nuru-

935 4315 997 4383 quid
1019 4319 1091 4371 enirn
1111 4335 1163 4375 uon
1179 4322 1285 4378 ridetur
1305 4326 1381 4381 uubis
1396 4340 1470 4383 extro
1489 4347 1586 4402 corpus
1604 4334 1661 4390 tteri
1675 4353 1726 4393 cur·

936 4412 991 4460 tero
1010 4407 1052 4461 illo
1065 4423 1124 4479 quus
1143 4411 1180 4466 ibi
1200 4413 1376 4485 imterposuit,
1390 4422 1581 4487 unrulntiones
1598 4427 1726 4483 animosi-

936 4504 1013 4566 tntcs,
1027 4500 1218 4572 dissensiones,
1234 4507 1355 4576 insidias,
1371 4511 1505 4568 itureses?
1519 4522 1546 4571 ct
1561 4525 1648 4572 tanuen
1662 4533 1725 4591 ope-

935 4588 1008 4645 ribus
1028 4593 1117 4648 cornis
1141 4595 1191 4651 isto
1213 4598 1302 4654 tribuit
1325 4601 1423 4658 Ductor
1440 4604 1564 4661 Gentiurn
1581 4609 1605 4662 iu
1629 4609 1680 4665 fide
1699 4623 1726 4666 et

934 4684 1054 4741 recitate.
1070 4687 1138 4756 Quid
1160 4700 1201 4746 est
1218 4707 1292 4763 ergo,
1315 4694 1395 4750 Onrrre
1408 4710 1535 4767 pcccnturn
1552 4701 1727 4775 quodcumque

933 4777 1019 4846 [cerri
1033 4778 1117 4843 bomo,
1133 4792 1205 4838 estro
1223 4801 1316 4856 corpus
1330 4799 1383 4855 est;
1404 4799 1431 4844 et
1446 4806 1524 4846 ununr
1542 4796 1724 4852 toniturnrnodo

933 4866 1115 4926 fornicatiouis
1139 4884 1275 4943 peccatum
1300 4882 1458 4947 norninsns,
1486 4885 1548 4943 aits
1571 4886 1621 4954 Qui
1641 4899 1724 4945 uertens

931 4957 1081 5027 fornicatur,
1096 4964 1122 5017 in
1134 4981 1226 5036 corpus
1240 4972 1370 5040 propriunr
1382 4976 1488 5042 percuti

967 5050 993 5103 ἓ.
1016 5051 1115 5109 Soiutio
1143 5057 1307 5128 difficultatis.
1323 5061 1375 5118 Cur
1397 5068 1452 5120 soiu
1473 5070 1607 5135 [orrsicotio
1630 5073 1722 5126 dicitnr

932 5153 1060 5205 peccotnrn
1082 5147 1108 5199 in
1123 5163 1216 5217 eorpus
1237 5152 1377 5222 proprium.
1399 5158 1516 5226 uppnret
1537 5161 1616 5228 igitur
1638 5163 1722 5219 enisis

933 5236 1007 5289 turdo
1028 5228 1054 5292 ct
1075 5239 1198 5304 cristunso,
1221 5257 1299 5312 qrrurn
1322 5244 1356 5297 sit
1380 5245 1429 5299 istu
1454 5250 1566 5317 cprraestin
1585 5250 1719 5307 diflicilisr

929 5341 1008 5396 urruns
1020 5328 1147 5383 Dominus
1158 5331 1208 5401 piae
1221 5332 1359 5387 intentioni
1372 5348 1480 5402 nostru,
1495 5338 1516 5392 si
1528 5340 1720 5427 oiiqnuutuinrn

930 5416 1052 5488 dignutus
1065 5418 1143 5474 inerit
1155 5422 1320 5480 dilucescere
1337 5434 1416 5496 atquc
1431 5429 1558 5499 revelare,
1575 5434 1720 5503 poterimus

928 5510 1027 5580 aliquid
1039 5512 1229 5571 rationabiliter
1238 5516 1337 5574 dicere.
1349 5519 1536 5578 t'idesurcnirn
1549 5525 1641 5582 beorn
1650 5530 1719 5596 upo-

928 5601 1022 5670 srolus,
1034 5602 1060 5656 in
1072 5618 1124 5673 quo
1137 5604 1295 5677 loquebatur
1304 5607 1436 5679 Christus,
1448 5621 1494 5667 eut
1506 5628 1667 5686 exaggerare
1677 5631 1721 5673 ro.

928 5692 1008 5748 tuisse
1027 5693 1210 5753 fornicationis
1224 5699 1323 5755 malurn
1339 5716 1419 5771 super
1438 5714 1533 5759 eutero
1553 5707 1641 5761 omnin
1657 5722 1719 5778 pce·

927 5795 995 5849 cuso,
1011 5801 1070 5855 qne
1090 5788 1140 5842 etsi
1154 5802 1203 5856 per
1220 5804 1317 5860 corpus
1332 5793 1547 5858 committuntur:
1562 5803 1717 5853 nontamen

925 5877 1043 5931 unimnm
1054 5878 1200 5935 brunonem
1213 5883 1434 5954 concupiscentis
1445 5886 1543 5941 cornuti
1557 5886 1717 5944 itaeiflcinnt

927 5968 1083 6026 obstrictum
1091 5981 1118 6028 et
1127 5971 1282 6045 obuoriunr,
1294 5975 1517 6049 quemadmodum
1527 5979 1553 6036 iu
1566 5981 1624 6038 soto
1635 5996 1717 6051 opere
