4759 6684
411 552 444 608 ιι
1042 502 1398 597 suiusuuscouiuuii.
2010 549 2050 608 ss

407 653 577 722 Sirmoiidus,
593 653 645 709 boe
661 653 718 709 loco
733 653 768 708 ad
780 653 888 709 rerbuni
906 663 975 709 esset
986 652 1134 709 esliilientla
1150 671 1156 704 :
1172 651 1302 722 siquidem
1315 651 1483 707 sermonibus
1496 652 1539 722 qui
1553 652 1664 708 eidema
1680 652 1756 709 nobis
1770 647 1956 719 restituuntur,
1972 653 2050 710 simi·

409 749 459 802 lius
475 745 543 800 nibil
564 744 676 800 iarcuiri
691 745 784 813 possit.
806 743 897 815 Neque
917 744 1009 799 inutile
1023 745 1103 799 luerit
1116 744 1260 799 obseruare
1274 744 1323 798 liae
1334 745 1359 798 iii
1372 744 1493 800 oratioue
1508 744 1541 799 ab
1562 761 1595 800 eo
1610 744 1739 801 faustum
1752 745 1908 817 Regicirseni
1922 759 1984 801 euni
2001 748 2050 801 lio·

411 840 484 895 uaris
499 837 696 910 significatione
706 836 836 893 nominari
849 877 856 902 ,
871 846 900 892 ut
911 836 934 894 si
947 837 1006 907 quis
1020 837 1078 907 ejus
1091 837 1117 892 iu
1130 834 1303 892 concionibus
1315 835 1430 906 aliquam
1444 834 1523 906 liujus
1537 837 1653 893 aireturis
1663 837 1821 894 seutentiam
1834 835 2051 908 deprehenderit,

410 933 436 987 id
449 946 501 986 nori
511 931 633 986 iniretur.
938 942 945 953 ’

451 1024 580 1079 Caeterum
591 1023 662 1095 quod
673 1021 804 1078 uesano
816 1037 832 1078 e
845 1021 935 1078 Fausti
950 1021 1025 1077 libris
1037 1028 1172 1076 mutuatus
1185 1031 1236 1087 est,
1252 1036 1299 1090 pro
1311 1022 1392 1076 uiliilo
1403 1020 1487 1078 lernae
1500 1020 1648 1079 habebitur.
1659 1021 1686 1077 si
1696 1036 1756 1076 cittii
1768 1021 1800 1077 iis
1812 1037 1871 1094 quse
1883 1037 1919 1080 ex
1931 1022 2045 1081 alioruin

413 1128 528 1175 seierum
543 1120 816 1178 commentationibus
828 1121 971 1191 decerpsit,
986 1127 1168 1189 coinparetur.
1181 1118 1306 1189 Legimus
1320 1119 1344 1174 iu
1359 1117 1418 1173 Vita
1430 1117 1561 1187 eiusdem,
1575 1117 1621 1172 lib.
1637 1118 1668 1184 l,
1677 1131 1738 1172 etim
1753 1132 1814 1172 ciini
1825 1125 1934 1188 propter
1946 1117 2051 1173 saletis·

407 1214 495 1268 dinem
508 1213 564 1283 jani
576 1214 729 1270 concionari
743 1231 831 1287 perse
844 1232 896 1271 uou
911 1224 1013 1287 posset,
1024 1213 1118 1284 jubere
1129 1213 1236 1269 solitum
1247 1227 1263 1266 a
1277 1211 1460 1267 sacerdotibus
1472 1225 1504 1267 ae
1516 1208 1636 1266 dbcoais
1648 1211 1674 1264 in
1690 1210 1809 1266 Ecclesia
1822 1226 1871 1269 sus
1882 1211 1988 1266 ιιι-ἰωή
1998 1222 2051 1267 ueri

409 1305 488 1362 ruodo
502 1321 644 1361 sermones
657 1308 796 1378 proprios,
810 1307 999 1363 verumetiam
1014 1304 1158 1373 Ambrosii,
1172 1303 1312 1376 Augustini
1328 1313 1355 1360 et
1366 1302 1488 1359 alioruui.
1504 1301 1570 1358 lliue
1583 1302 1675 1374 procul
1688 1302 1769 1359 dubio
1782 1302 1919 1359 breuiores
1936 1303 1972 1358 illi
1985 1303 2050 1360 Ser·

408 1412 501 1451 rixones
521 1394 646 1466 prodiere
659 1436 666 1463 ,
682 1397 709 1451 in
720 1397 815 1467 quilius
826 1407 923 1466 praeter
934 1395 1073 1451 exordium
1085 1403 1112 1450 et
1125 1395 1332 1466 perorationem,
1346 1410 1406 1465 quae
1419 1393 1502 1464 ipsius
1514 1394 1694 1450 characterem
1709 1393 1837 1459 releruut,
1854 1392 1956 1464 reliqua
1969 1374 2050 1464 pe'ilia

407 1498 468 1543 suut
482 1505 514 1543 cx
528 1488 690 1559 Augustino.
710 1488 882 1544 binniebat
898 1498 978 1559 stque
991 1487 1144 1543 liiiiiabitur
1155 1485 1289 1543 lubentius
1298 1493 1421 1541 sanctum
1436 1483 1506 1539 litiae
1516 1484 1668 1549 Ductorem,
1683 1483 1759 1553 eujtts
1771 1483 1911 1552 opiniones
1924 1491 2050 1554 tanquam

408 1581 546 1636 railiolicae
561 1581 665 1635 ueritati
678 1580 821 1635 admodum
834 1587 1013 1651 congruentes
1024 1578 1159 1649 praedicat.
1173 1576 1261 1649 ipsius
1277 1576 1426 1632 doctrinam
1440 1575 1514 1630 omui
1526 1573 1615 1630 studio
1627 1575 1812 1646 propugnant,
1824 1581 1851 1628 et
1862 1588 1894 1628 er
1906 1588 1938 1628 es
1952 1589 2050 1629 merin-

411 1671 452 1728 de
467 1674 633 1728 Arausicttiiae
653 1673 753 1745 synodi
769 1688 885 1729 canones
905 1674 1044 1729 constituit
1061 1689 1069 1726 :
1090 1671 1299 1742 observaturque
1315 1669 1373 1725 ἰιιῖ
1391 1669 1460 1725 libro
1474 1667 1541 1724 vitae
1556 1668 1643 1734 illius,
1663 1669 1748 1738 ipsum
1762 1677 1882 1722 extremo
1894 1682 1944 1721 suo
1957 1665 2050 1722 morbo
2098 1682 2101 1689 ¹

409 1766 475 1817 irater
489 1782 539 1818 uon
555 1765 664 1818 modicas
675 1780 737 1834 qnos
749 1764 892 1835 patiebatur
906 1763 1006 1819 dolores
1017 1763 1171 1818 sciscitatum
1184 1778 1328 1832 essequam
1341 1762 1369 1815 iii
1381 1760 1497 1832 prosim
1512 1771 1576 1816 esset
1590 1760 1725 1816 beatissimi
1738 1760 1874 1832 Augustini
1889 1759 2051 1832 depositienis

407 1855 479 1920 dies;
497 1866 519 1909 et
530 1871 586 1908 curn
600 1855 730 1909 imminere
743 1855 1004 1909 commemorationem
1014 1855 1094 1925 ipsius
1106 1852 1251 1920 didicisset,
1263 1852 1357 1907 dixisse
1369 1867 1378 1906 :
1392 1851 1498 1921 Confido
1512 1852 1539 1905 in
1549 1851 1671 1920 bandua,
1685 1851 1754 1921 qnod
1767 1867 1849 1906 areum
1858 1852 1991 1906 transituris
2000 1867 2050 1906 rien

410 1947 486 2017 loiiqe
496 1947 618 2001 sinistrius
627 1956 664 2001 est
677 1948 708 2000 ab
724 1947 823 2018 ipsius:
837 1947 906 2017 qaia,
918 1955 947 2001 st
962 1945 1013 2016 ipsi
1024 1944 1114 2012 noui,
1125 1953 1248 2012 wantum
1259 1942 1339 1998 dileai
1349 1942 1405 2013 ejas
1417 1942 1640 1998 emiolicissimrtm
1652 1958 1764 2010 scnssui,
1777 1952 1875 1996 tantuna
1887 1958 1927 1997 nte
1936 1943 1982 1997 etsi
1995 1942 2049 1998 dis·

408 2049 554 2107 crepantem
573 2039 681 2105 meritis,
700 2037 803 2092 iniuriare
820 2046 903 2092 tamen
921 2051 980 2092 reor
1000 2035 1121 2090 deontia
1142 2033 1257 2105 longiore
1271 2033 1436 2104 depositionis
1454 2048 1517 2088 mee
1529 2032 1595 2087 diem
1616 2032 1648 2087 at
1663 2034 1719 2104 ejss
1732 2032 1813 2088 miss
1833 2043 1944 2098 ternpore
1960 2050 2049 2105 seque·

409 2132 494 2184 strati.

444 2222 528 2276 Porro
541 2219 661 2292 ejusdem
677 2222 821 2277 conciones
834 2221 898 2277 tanti
911 2219 1086 2289 ducebantur,
1101 2230 1131 2275 ut
1143 2218 1366 2293 rpicmadmodom
1381 2219 1438 2290 ipse
1451 2234 1485 2275 ex
1503 2217 1653 2289 Augustini,
1669 2217 1709 2274 sic
1722 2233 1754 2274 ex
1769 2218 1905 2289 ipsiusmet
1918 2220 2049 2275 sersaoni·

407 2314 458 2368 lius
469 2314 515 2368 alii
529 2322 714 2384 excerperent.
729 2314 799 2371 uiide
813 2309 1022 2370 novissimma
1036 2312 1271 2369 coadunarentur.
1286 2312 1342 2368 lloe
1354 2311 1474 2383 prolecto
1492 2310 1616 2366 liouiilias
1628 2309 1707 2382 Eligit
1719 2321 1748 2368 et
1759 2310 1861 2368 llsbaui
1872 2327 1933 2366 cum
1946 2326 2050 2368 sermo-

406 2408 486 2462 nibus
499 2408 660 2477 Appendieis
674 2417 773 2463 nostrae
785 2408 966 2479 comparando
977 2408 1064 2478 quiris
1077 2407 1216 2479 intelliget.

443 2502 572 2571 Superest
580 2512 608 2554 ut
619 2500 683 2571 quid
696 2501 786 2555 ausilii
804 2501 880 2557 uoltis
892 2499 926 2556 ad
946 2500 1093 2555 institutam
1108 2499 1269 2557 Sermonum
1283 2496 1421 2569 Augustini
1432 2512 1572 2554 censuram
1585 2498 1749 2570 praebuerint
1763 2497 1952 2566 Loramenses,
1966 2515 2049 2573 erpo-

406 2607 513 2647 oamus.
527 2591 566 2646 llli
577 2607 624 2647 sua
637 2592 665 2648 in
678 2603 780 2647 tomum
794 2590 818 2648 X
829 2590 1028 2662 prefatiuncula
1041 2590 1186 2646 admonent
1197 2605 1227 2645 se
1238 2589 1264 2644 in
1274 2587 1417 2645 censendis
1429 2588 1603 2645 Sermouibus
1615 2598 1724 2645 secutos
1732 2590 1787 2646 lere
1796 2589 1989 2660 essejiidieiuui
2000 2593 2050 2648 do·

406 2686 518 2740 ctissiini
532 2684 582 2740 riri
591 2684 696 2740 blartiai
709 2684 790 2755 Lipsii
804 2684 905 2754 :iisqui
918 2693 993 2739 certo
1002 2684 1050 2739 risi
1064 2693 1126 2740 suat
1139 2699 1201 2740 esse
1214 2682 1364 2753 Augustini,
1378 2682 1541 2752 uouieaejus
1555 2682 1743 2755 adscripsisse
1759 2685 1804 2754 qui
1817 2695 1892 2740 eerto
1901 2685 2050 2754 depreben-

409 2779 432 2832 si
450 2788 510 2833 suut
531 2777 614 2848 ipsiius
628 2792 681 2834 non
693 2792 763 2844 esse,
782 2777 908 2848 rejecisse
928 2778 954 2833 in
977 2777 1158 2849 Appendicom
1171 2796 1177 2834 :
1190 2778 1305 2850 reliques
1324 2785 1370 2831 urit
1382 2794 1433 2832 nori
1453 2776 1650 2835 satisdiscsssos
1663 2789 1708 2835 ast
1721 2796 1754 2836 ei
1767 2780 2050 2854 iudicioqiiororndsni'

409 2870 493 2924 datie
503 2870 668 2938 auctoritatis,
685 2870 754 2925 inter
767 2870 906 2941 Augustini
922 2869 1067 2927 Sermones
1079 2870 1235 2942 reliquisse,
1253 2886 1306 2926 non
1321 2879 1409 2927 tamen
1423 2869 1514 2927 addito
1527 2870 1585 2942 ejus
1600 2872 1718 2929 nomine.
1731 2874 1772 2929 iu
1788 2874 1856 2929 lianc
1868 2874 1948 2944 igitur
1961 2885 2049 2931 notam

406 2996 409 3003 -
426 2963 452 3015 ui
467 2962 632 3031 potissimum
652 2977 790 3018 sermones
802 2963 835 3016 ad
851 2976 963 3018 ciramea
977 2972 1067 3018 essent
1088 2961 1240 3032 revooeadi,
1253 2963 1427 3033 cognorimus
1444 2979 1451 3015 a
1467 2971 1495 3018 et
1513 2978 1578 3020 sane
1591 2965 1771 3022 consideranti
1787 2968 1873 3036 palam
1886 2967 1942 3036 det,
1957 2983 2049 3022 eoram

395 3045 451 3118 ‘qui
465 3067 480 3105 a
494 3051 569 3106 nobis
581 3051 737 3122 rejiciuntur
752 3052 830 3122 louge
844 3053 973 3122 plurimos
990 3068 1022 3109 er
1038 3053 1090 3108 illis
1104 3067 1164 3110 este
1176 3068 1244 3124 quos
1258 3071 1308 3107 non
1321 3053 1383 3109 satis
1397 3053 1523 3109 dianeos
1534 3064 1579 3109 ast
1590 3055 1674 3111 dulia
1689 3057 1844 3114 auctoritatis
1856 3068 1960 3114 uocant.
1977 3058 2050 3115 Pras·

408 3152 484 3199 terea
498 3144 610 3199 aliorum
624 3143 651 3200 in
669 3144 876 3214 Augustiniaiios
889 3143 1034 3200 Sernioiies
1048 3159 1175 3201 censuras
1185 3145 1379 3210 ooiisuluimiis,
1394 3160 1505 3216 quarum
1518 3147 1579 3202 dure
1595 3149 1736 3220 menturae
1749 3161 1812 3206 suut
1823 3160 1850 3206 et
1862 3153 2049 3215 accuratiores.

406 3237 491 3290 altera
507 3235 622 3292 Simonis
634 3234 734 3292 Verliiii
747 3235 817 3291 edita
830 3252 874 3292 aa.
891 3236 969 3303 iuis,
983 3237 1067 3293 altera
1082 3237 1211 3294 Beruardi
1224 3237 1347 3310 lliinliugi
1361 3254 1405 3292 an.
1420 3238 1500 3294 liiii.
1514 3238 1580 3294 Cum
1591 3249 1681 3298 autem
1699 3242 1726 3298 lii
1735 3233 1863 3301 censores
1873 3246 1992 3302 omnium
2004 3262 2048 3302 ss·

405 3329 540 3399 gaeissiuii
555 3330 689 3385 nonnullis
703 3330 729 3385 iu
740 3329 807 3384 loeis
819 3330 999 3385 abenaieiint
1011 3370 1019 3396 ,
1032 3331 1190 3401 arrogantiae
1206 3340 1279 3387 essct
1298 3331 1323 3385 id
1336 3345 1386 3386 nos
1398 3341 1536 3388 assecutos
1548 3333 1678 3401 credere,
1700 3344 1729 3390 ut
1743 3335 1786 3391 bie
1804 3352 1939 3408 nunquam
1949 3337 2050 3410 judicio

406 3421 571 3476 taillereuinr.
587 3420 711 3476 Aiaueu
724 3420 884 3475 eoullilimus
897 3420 994 3476 lactum
1008 3429 1036 3476 ut
1050 3436 1100 3477 nee
1112 3421 1195 3476 ullum
1208 3421 1277 3477 iuter
1289 3422 1369 3477 lalsos
1388 3432 1480 3494 aperte
1493 3437 1587 3479 terum
1597 3466 1606 3492 ,
1617 3440 1666 3481 nec
1683 3425 1765 3481 ullum
1782 3426 1851 3482 inter
1864 3443 1942 3485 seros
1958 3439 2050 3501 epcrts

407 3510 503 3564 taleam
518 3510 698 3566 retulerimus.
709 3507 768 3564 lloe
778 3509 855 3563 uobis
864 3510 1049 3580 proposuimus
1063 3510 1096 3564 ab
1107 3511 1200 3576 luitio;
1212 3523 1276 3568 etei
1287 3520 1395 3582 propter
1407 3514 1433 3566 io
1446 3513 1614 3569 sermonibus
1624 3515 1740 3572 nondum
1748 3517 1837 3586 editis,
1847 3519 1893 3589 qui
1902 3521 2050 3592 Augustino

406 3609 435 3659 iu
449 3604 634 3674 manuscriptis
643 3603 842 3668 adscribuntur,
857 3618 905 3657 nos
920 3603 1082 3675 praebuimus
1095 3603 1253 3661 severiores.
1272 3605 1309 3659 Es
1322 3619 1414 3659 eorum
1427 3621 1541 3662 numero
1553 3607 1631 3679 louge
1648 3610 1766 3666 iiiaiiuio
1775 3611 1889 3668 selectos
1899 3612 2048 3670 octodecim

406 3707 509 3752 mnium
525 3711 586 3752 cum
605 3695 761 3766 fragmentis
774 3696 875 3766 aliquot
887 3694 931 3751 liic
943 3695 1106 3766 adjecimus,
1121 3696 1149 3753 in
1167 3697 1263 3768 quibus
1276 3697 1304 3753 S.
1321 3697 1442 3755 [lactoris
1454 3699 1604 3770 eliaraeter,
1620 3701 1753 3775 ingenium
1773 3712 1800 3761 et
1813 3704 1933 3760 doctrina
1951 3705 2049 3777 liquido

405 3788 567 3858 perspicitur
578 3795 606 3841 et
619 3786 756 3842 elucescit.

469 3888 511 3895 -a-
521 3887 682 3896 .--.-,,....
697 3885 1413 3897 --ῌ--κ-.--ῇ--η-Ἣ-ω
1425 3888 1533 3898 ,ιο-..ο

569 3926 727 3934 ”·“···
758 3925 1235 4087 ‘saianans
1263 3893 2025 4090 ennianum*

638 4147 692 4207 Ab
706 4142 809 4221 QUOS
826 4141 1041 4205 trecennii!
1064 4143 1164 4204 SUNT
1180 4142 1389 4204 suiiuunies
1409 4141 1511 4204 Tulit
1532 4144 1654 4207 HUJUS
1672 4145 1828 4223 Quinti,

951 4239 984 4277 ΕΤ
1003 4237 1077 4278 ΝΟΜ-Σ
1096 4238 1188 4287 obitus
1205 4238 1314 4278 CObiCBS
1333 4237 1501 4278 tuutciuruu.

1112 4355 1323 4408 Θζθθιθιθθὶθθ

663 4495 817 4532 unowanus
834 4492 939 4530 eooicas.
1251 4517 1263 4565 f
1316 4458 1554 4569 Mfflffissffi
1563 4456 1798 4512 “lissffflfflssieffi

401 4619 428 4651 ῃ,
469 4594 572 4638 reteres
590 4583 829 4636 iiiniebiiutouiees
845 4583 952 4634 Ablutiae
967 4590 988 4631 S.
1005 4581 1112 4632 Auiloeul
1132 4588 1200 4634 uoto
1252 4580 1277 4628 u.
1317 4579 1615 4654 i‘loriseiiiulgatiuedte
1624 4580 1873 4635 mboeuotnraatiaa
1882 4591 2049 4651 uiaiiuscrqn,
2080 4599 2083 4604 ·

498 4649 629 4710 inageusis.
1344 4641 1517 4714 eliililiotliem
1527 4643 1677 4693 corbeiensi.

414 4729 429 4760 i.
472 4705 868 4760 uomeiisismomsteriioodiees.
1251 4701 1280 4751 ls.
1313 4705 1650 4754 tiss.s.uaunrosssteusa's.

401 4710 445 4823 inl.
472 4772 542 4821 bedae
552 4770 702 4820 Culleetanea
718 4770 742 4819 iii
762 4768 859 4817 l‘aitluni
871 4779 942 4817 uisum
959 4767 1047 4829 sciipta
1069 4764 1200 4818 bibliutlie·
1252 4762 1294 4813 iul.
1317 4771 1358 4814 itti.
1372 4772 1413 4814 ΙΨ.
1425 4764 1683 4837 litlieiisiumuumubll
1693 4774 1715 4817 s.
1729 4768 1841 4819 bernard
1852 4770 2000 4823 immersis

498 4846 533 4882 ee
544 4833 687 4882 bertinianae
697 4843 725 4881 ac
736 4831 899 4879 itluriaceiisis.
1252 4839 1278 4886 g.
1318 4831 1518 4876 courmetieeusis
1529 4827 1644 4877 Alibatite.

403 4898 446 4946 bu.
475 4892 842 4955 iussiieuigniouioueusis.
1253 4861 1291 4951 gi.
1323 4888 1581 4960 &commiseratis
1590 4889 1688 4938 ωιίἱοοε
1706 4889 1772 4939 berte
1787 4890 2049 4952 malmetuxmq.

402 4971 426 5007 e.
470 4953 792 5005 satt'tlss'oiietisisiioelusiae.
1335 4947 1778 5021 ‘gularesqmdaiuscperelegautes

402 5033 439 5069 α.
472 5016 757 5066 tnnlesiaeraruutensis.
1254 5008 1271 5058 Ι.
1319 5012 1380 5059 litui
1392 5010 1555 5061 laudunensis
1565 5009 1684 5060 larclesiae.

400 5096 439 5130 ei.
471 5077 765 5127 izistercieusisiibliatire.
1254 5070 1284 5120 lr.
1317 5073 1427 5135 tyrensis
1438 5072 1585 5121 nonasterii.

403 5151 450 5192 est.
474 5139 573 5189 udicis
591 5146 631 5186 Μ’.
642 5136 838 5187 cisterciensium
854 5143 876 5183 s,
896 5136 977 5184 crucis
988 5137 1011 5183 iu
1023 5131 1157 5183 ierusalem
1169 5132 1202 5183 de
1254 5145 1288 5182 ui.
1318 5131 1627 5196 summonitiones-inito
1635 5133 1716 5183 mnis.

498 5204 576 5261 tirlie,¹
597 5199 663 5248 titiile
680 5210 821 5247 sermonum
841 5196 933 5259 aliquot
951 5198 1102 5245 occasionem
1122 5195 1202 5244 dicui-
1254 5208 1279 5243 n.
1323 5192 1703 5256 Aararrieioullegilt‘srisieusis.

498 5275 547 5324 que
566 5261 708 5319 didicimus,
734 5272 828 5309 amima
847 5272 896 5322 quo
915 5270 958 5307 eos
977 5256 1029 5308 liaeo
1048 5257 1139 5306 dixerit
1157 5265 1203 5306 su·
1254 5256 1295 5317 pli.
1321 5255 1528 5366 ulffirooaefnsis
1535 5255 1613 5306 codex
1624 5256 1752 5317 euticem,
1764 5258 1806 5319 qui
1819 5257 2048 5312 abrasutnneasis

499 5325 618 5373 *uulnus
1398 5327 1457 5366 isiae
1477 5325 1522 5365 uit.

404 5390 427 5439 cl
475 5339 528 5434 iugc.
541 5384 685 5433 colbertinae
704 5378 858 5431 bililiotlteae
880 5380 972 5442 plures,
993 5381 1129 5441 imeiquos
1151 5391 1201 5427 nia·
1255 5391 1290 5440 pr.
1324 5382 1377 5426 tiss.
1391 5375 1562 5426 tratellenses.

500 5448 556 5495 'oris
567 5447 639 5508 pretil
653 5457 726 5503 unus,
738 5444 779 5516 qui
790 5442 831 5492 82l
847 5449 951 5500 uutatm,
963 5453 1091 5491 sermones
1100 5441 1133 5490 de
1145 5454 1202 5490 ser·
1254 5452 1274 5486 r.
1324 5438 1403 5510 irrigue
1413 5437 1575 5497 bililimbeese,
1593 5445 1683 5500 prater
1698 5438 1744 5489 alia
1764 5441 1921 5505 esenplsrla,
1932 5442 2045 5494 sabim

496 5462 538 5557 ius
545 5505 667 5557 Ei'anrebi
677 5513 755 5555 veteri
767 5505 861 5563 otiliae,
868 5503 1002 5553 secunlum
1013 5516 1087 5565 quein
1098 5503 1202 5552 inBedte
1345 5498 1484 5562 singulare,
1502 5499 1567 5563 quod
1582 5511 1597 5567 a
1613 5502 1700 5552 moin
1716 5503 1838 5554 siramiido
1853 5504 1974 5555 anaim
1992 5512 2046 5567 est,

500 5584 546 5618 seu
557 5542 772 5617 riorieoiioeuoue
784 5564 928 5628 plerumque
947 5563 1081 5622 laudantur,
1093 5563 1203 5626 digestis
1347 5560 1582 5634 einiiplecteiisqdiiss
1596 5563 1691 5624 priores
1711 5572 1793 5625 quites
1807 5564 1938 5616 collectim
1953 5574 2047 5616 sernas-

499 5632 642 5687 oontinens,
661 5630 740 5690 iisque
758 5629 865 5677 insertos
885 5626 1016 5690 quosdam,
1039 5639 1142 5688 quoium
1161 5624 1203 5676 uel
1347 5630 1646 5695 uuiiitsugustiuruuormii
1659 5625 1801 5676 uobcrtode
1812 5625 2048 5677 mahumeti-aio

499 5691 557 5741 nibil
581 5704 679 5752 prorsus
698 5691 723 5739 iu
739 5698 795 5739 aitte
812 5689 898 5749 editis,
918 5687 957 5736 rel
973 5689 1108 5750 lragiueiitu
1124 5686 1201 5739 solum
1348 5692 1472 5734 larissensi
1483 5694 1582 5733 auctore
1594 5685 1710 5736 adoniati.

500 5753 636 5802 exstabant.
1253 5759 1298 5793 riu.
1317 5747 1445 5805 tii-migiaui
1457 5747 1520 5807 spiid
1533 5749 1728 5796 uemosuisniliii
1739 5748 1842 5798 celires.

404 5816 444 5865 iu·-
472 5815 533 5863 itini
544 5815 704 5862 corbeienses
714 5813 811 5874 optimae
820 5819 916 5860 tritt-1⁸³0
925 5810 1089 5862 uetustissimi.
1252 5821 1271 5856 s.
1321 5808 1473 5857 ltililiotlimse
1481 5809 1601 5856 sarbonici
1610 5811 1735 5870 gyriuiasii.

404 5891 456 5926 eei.
473 5881 527 5923 ltss
536 5882 559 5923 s.
570 5873 674 5923 tnruelii
684 5873 888 5932 tttnapeiitlicnsis.
1253 5879 1271 5919 t.
1302 5903 1304 5906 ι
1316 5876 1341 5934 ρ’.
1351 5870 1492 5918 ‘t'lieoderici
1504 5881 1579 5931 inape
1592 5876 1684 5919 lienam.

405 5951 429 5988 c.
473 5943 644 6000 excerptoiuiir
655 5935 752 5999 eugypii
764 5935 859 5985 unlices
875 5934 922 5982 ilua
934 5931 1025 5982 calamo
1036 5933 1127 5994 scripti,
1140 5940 1199 5982 tioi-
1253 5940 1299 5980 iat.
1318 5931 1440 5980 latitantis
1451 5930 1537 5979 iader.
