4759 6684
393 552 461 611 tuae
556 578 567 605 ι
1117 546 1230 605 scotto
1248 546 1300 604 cc.
1896 532 1898 537 ’
1952 573 2024 631 ,pp

390 668 478 737 (Psoi.
496 683 574 733 stirs,
593 666 630 738 l).
644 665 696 721 Cur
710 665 780 721 enim
801 679 854 719 non
873 676 1046 734 agnoscamus
1060 674 1107 717 eos
1124 674 1179 716 ιω·
1235 658 1440 729 ejusnatiritato
1456 664 1596 737 iuiqcntom
1609 708 1616 734 ,
1630 685 1707 740 quam
1720 672 1802 729 solem
1823 677 1880 746 ejus
1893 677 1921 733 ia
1935 695 2023 739 muna

388 761 447 825 ius,
470 760 515 831 qui
536 758 598 813 laeti
618 765 680 814 sum
696 756 774 811 sedes
800 755 865 810 licii
883 756 951 809 sicut
974 753 1100 823 scriptum
1126 759 1177 817 ost.
1235 747 1447 818 ludenlem·l²¹¹¹l
1463 772 1526 809 mro
1545 758 1614 825 quod
1633 760 1727 837 tillem,
1740 763 1836 829 lienis
1852 783 1910 835 ιιι
1929 769 2022 842 hirsus

388 853 481 909 Auium
505 850 590 921 justi,
623 848 694 904 sedes
720 857 757 902 est
788 846 920 917 snpientia
947 839 1106 918 (Suum).
1127 840 1179 897 Per
1234 838 1357 907 perduxit
1370 841 1403 896 ad
1421 843 1507 899 inerim
1522 846 1566 902 uhi
1582 858 1640 904 erat
1658 865 1717 906 cum
1735 856 1934 927 matresirqine
1949 860 2022 916 horis

388 944 439 1000 qm
452 940 523 997 enin,
536 939 620 997 πῃ),
638 939 684 993 pp„
700 938 827 995 ,mmmm
841 935 983 993 purificator
997 942 1024 992 et
1045 933 1178 990 habitator
1233 926 1330 997 inians,
1343 944 1402 1001 quae
1417 933 1506 1004 utique
1516 947 1620 1006 poterat
1636 955 1683 995 eos
1693 943 1762 997 etad
1778 944 1862 1014 ipsam
1874 948 2021 1018 perducere

386 1029 509 1099 turnonii.
522 1043 575 1101 quo
589 1027 688 1082 tonitru
701 1026 819 1082 mundus
828 1025 998 1092 contremuit,
1009 1033 1037 1080 et
1046 1038 1108 1079 ecee
1120 1022 1175 1092 iam
1231 1020 1364 1078 crvruun
1379 1040 1427 1088 ,se
1440 1035 1526 1084 umen
1543 1031 1691 1101 subtraxit,
1704 1050 1753 1090 nec
1764 1037 1803 1092 eis
1815 1053 1924 1108 prorsas
1936 1057 2019 1113 aupa-

384 1118 478 1174 ercdit.
492 1118 613 1188 lingnam
628 1125 833 1173 sacramentum.
852 1114 880 1170 ln
895 1114 1006 1185 praesepi
1028 1125 1090 1169 tunc
1100 1112 1175 1183 jaee-
1230 1113 1293 1179 ruit,
1311 1113 1397 1170 donec
1410 1116 1444 1171 dc
1465 1119 1591 1186 civitate,
1605 1122 1631 1175 iu
1645 1138 1695 1191 qua
1710 1124 1832 1182 Christus
1844 1140 2020 1198 nasceretur,

384 1207 441 1274 bnt,
450 1216 478 1263 et
490 1207 580 1278 liugos
591 1205 626 1261 ah
638 1203 745 1261 Oriente
763 1203 886 1260 ducebat.
905 1202 1126 1259 hhscondebatur
1148 1201 1178 1257 iu
1229 1199 1310 1258 lidem
1325 1203 1375 1273 ipsi
1388 1206 1614 1278 interrogarentur
1627 1211 1711 1267 ludaei
1724 1255 1731 1279 ,
1745 1224 1774 1269 ut
1786 1218 1833 1286 ipsi
1847 1232 1905 1273 eam
1919 1235 2019 1276 seeun-

373 1298 506 1367 ,sunum
519 1305 546 1356 et
558 1296 751 1367 agnoscebatur
770 1295 795 1350 itt
810 1295 895 1361 ctelo;
910 1293 1054 1365 utaqnitus
1066 1295 1091 1347 ln
1105 1292 1175 1349 eoelo
1228 1292 1292 1348 dum
1303 1294 1399 1352 divium
1414 1298 1559 1370 Scriptura
1574 1305 1754 1362 testimonium
1769 1311 1952 1379 nominarent,
1967 1316 2018 1384 ipsi

370 1383 599 1447 'nanttcauremr
612 1385 639 1441 in
654 1385 775 1451 stabulo,
790 1391 817 1438 et
831 1383 1007 1454 appellaretur
1026 1370 1174 1452 Epiphania
1228 1383 1663 1451 dimnnt,1atsernteasntuuoe.
1679 1398 1723 1452 Sic
1736 1400 1802 1453 enias
1814 1402 1938 1471 scriptum
1956 1414 1993 1458 est
2007 1420 2018 1458 .·

370 1455 443 1535 ''tlies
456 1478 509 1535 iste
520 1478 541 1544 ¹,
551 1475 623 1547 quod
637 1475 718 1531 latine
730 1473 907 1531 manifestatio
918 1473 969 1529 dici
977 1480 1080 1544 potest:
1094 1472 1180 1527 simul·
1227 1474 1263 1529 m
1276 1484 1304 1530 ist
1315 1476 1545 1547 Bethlehem,terro
1554 1482 1635 1551 tuda,
1648 1503 1697 1541 non
1706 1504 1732 1543 es
1747 1490 1849 1544 miniosa
1859 1491 1885 1544 in
1897 1494 2019 1562 principi·

367 1534 444 1643 ¹ejus
465 1567 650 1627 celsitudinem
670 1566 897 1636 humilitatemque
920 1562 1124 1629 commendans,
1144 1571 1175 1617 ut
1227 1565 1273 1621 bas
1299 1566 1396 1623 istis:
1417 1587 1449 1624 ec
1471 1580 1495 1626 ts
1516 1575 1660 1630 enitueriet
1679 1578 1733 1632 drea
1751 1581 1794 1648 qui
1806 1592 1872 1651 repet
1893 1586 2017 1653 populans

382 1658 469 1730 quiin
488 1667 581 1739 aperto
600 1656 670 1711 coelo
684 1655 766 1725 siquis
785 1654 897 1711 sidereis
910 1653 1127 1720 monstrabatur,
1145 1653 1173 1709 in
1227 1672 1310 1717 mesas
1322 1657 1404 1714 lumel
1418 1660 1523 1732 (Nortia.
1537 1679 1574 1731 n,
1591 1667 1651 1736 t-ti)
1668 1685 1675 1721 ε
1691 1671 1753 1739 qnid
1771 1672 1841 1727 aliud
1861 1673 1903 1728 liic
1916 1675 2016 1743 sipiriti-

380 1753 495 1819 anquam
504 1745 653 1801 diuersorio
665 1745 793 1823 quaesitus
806 1743 978 1810 inueniretur;
989 1742 1119 1799 inualidus
1132 1743 1174 1797 in·
1226 1748 1296 1803 tavit
1309 1748 1397 1805 dlsina
1410 1755 1585 1823 providentia,
1600 1758 1650 1811 uisi
1661 1759 1728 1831 apud
1741 1760 1847 1816 ludaeos
1861 1766 1931 1818 strias
1946 1765 2016 1819 divi·

381 1837 518 1903 fartilibus
531 1837 677 1904 membris,
698 1835 831 1892 itrrolutus
850 1834 1017 1893 infantilibus
1037 1835 1170 1907 panum,
1225 1852 1275 1896 aas
1288 1836 1403 1897 Litteras
1416 1859 1606 1913 remansuras,
1621 1850 1717 1918 quibus
1736 1851 1834 1907 Gentes
1851 1855 2016 1911 insuneren·

380 1928 538 1985 adoraretur
551 1943 566 1983 a
583 1929 680 2001 lingis,
695 1927 832 1983 timeretur
845 1942 860 1982 a
874 1927 960 1983 utalia
1226 1939 1280 2000 tar,
1296 1934 1334 1989 illi
1348 1946 1556 2004 exeacarentur;
1571 1955 1637 2009 quas
1651 1950 1787 2006 pererrent
1802 1960 1854 1998 non
1865 1946 1898 1999 ad
1908 1946 2014 2015 adjuto-

415 2018 446 2075 2.
460 2018 571 2075 Herodis
583 2028 673 2073 ttrrur.
689 2016 790 2073 Timuit
807 2017 878 2073 euim
893 2032 953 2073 eum
970 2033 1018 2073 rex
1035 2014 1170 2085 llertdes,
1226 2025 1295 2080 rium
1307 2026 1400 2081 salutis
1412 2042 1478 2094 suar,
1492 2028 1539 2084 sed
1550 2029 1582 2084 ad
1598 2031 1777 2086 testimoninm
1791 2035 1885 2088 salinis
1899 2036 2016 2089 nostrml

379 2108 484 2169 eisdem
498 2108 548 2165 sibi
563 2109 644 2180 blopis
657 2107 839 2164 nuntiantibus
854 2148 862 2175 ,
882 2122 943 2163 cum
960 2106 1047 2165 adhue
1066 2121 1170 2177 quaere·
1224 2112 1290 2172 Nanl
1304 2118 1384 2174 liudis
1396 2133 1457 2173 cum
1467 2110 1616 2189 premissas
1631 2123 1783 2192 prophetias
1795 2123 1827 2177 de
1838 2124 1943 2179 Christo
1954 2141 2015 2196 pro·

379 2208 441 2257 ΝΜ
467 2197 624 2270 Wl'uhlffls
643 2214 723 2269 ‘1¹¹⁰‘ss
743 2206 922 2269 ⁰⁰llfl⁰l²ffl¹¹l
941 2196 1010 2253 ⁰oe¹⁰
1030 2204 1098 2252 ῑθθῑθ
1116 2195 1171 2265 blm
1225 2208 1344 2268 ierimus.
1356 2209 1412 2278 iam
1424 2224 1514 2266 rarum
1528 2211 1719 2282 completarum
1734 2214 1793 2269 luce
1808 2214 1971 2278 declaratas,
1990 2217 2013 2272 si

380 2301 484 2363 ntum.
498 2291 567 2361 Qttid
591 2290 935 2360 erittrihunaljudicantis,
960 2287 1065 2360 quando
1079 2303 1172 2358 supcr-

380 2384 431 2441 hos
442 2398 521 2454 reqes
533 2398 608 2439 cuum
619 2377 753 2439 terrebant
763 2381 890 2438 infantis?
907 2383 1011 2450 Quanto
1025 2381 1172 2438 consultius

380 2488 453 2539 aune
466 2488 560 2546 roges,
575 2487 627 2529 non
643 2473 712 2528 sicut
725 2470 859 2538 llercdes,
874 2471 1022 2527 interlicere
1032 2478 1170 2541 querunt3

378 2544 429 2637 aad
440 2565 511 2621 sieut
523 2564 590 2636 llaqi
604 2564 708 2635 potius,
720 2562 832 2618 adorare
843 2562 1019 2628 delectantur,
1030 2561 1084 2631 jam
1099 2575 1170 2631 prte-

371 2655 473 2729 -sertirn
483 2669 545 2709 cum
562 2654 608 2725 qui
620 2662 652 2713 et
660 2652 744 2724 ipsam
759 2660 871 2707 mortem
888 2666 967 2721 qnam
984 2649 1107 2720 cupiebat
1121 2648 1172 2704 iai·

378 2746 466 2811 micus
476 2745 584 2812 inlcrre,
597 2745 677 2811 etiam
688 2758 735 2815 pro
748 2744 812 2814 ipsis
820 2742 936 2799 inimicis
945 2742 979 2798 ab
989 2741 1103 2797 inimicis
1112 2755 1172 2795 suse

379 2837 477 2913 tinuit,
490 2852 603 2909 eamque
616 2837 643 2892 in
658 2851 707 2892 suo
719 2850 831 2906 corpore
844 2834 948 2890 occisus
960 2832 1067 2889 oceidit.
1078 2830 1124 2887 Pie
1138 2829 1171 2886 ti·

378 2940 471 2999 meant
482 2936 552 2987 uuae
565 2945 642 3003 reges
651 2930 685 2987 ad
698 2929 784 2985 Patris
795 2928 933 2983 dexteram
946 2925 1006 3011 jam
1016 2924 1170 3007 sedentem,

378 3037 459 3103 quiem
473 3038 521 3079 rex
532 3022 576 3079 ille
588 3023 686 3093 impius
706 3020 794 3091 timuit
800 3019 892 3083 ‚adhuc
905 3017 998 3073 matris
1008 3016 1088 3071 ubera
1105 3015 1172 3070 lam-

377 3115 498 3173 lunum
510 3100 843 3184 audtnnqundscrtpinm
862 3117 904 3167 est
917 3126 924 3163 ι
938 3107 971 3163 m
985 3123 1051 3161 nune
1062 3147 1070 3172 ,
1082 3122 1170 3177 repes,

376 3204 521 3279 istudqitq
534 3205 680 3272 maaianai,
692 3204 736 3273 qui
750 3203 872 3274 judicatis
886 3214 979 3259 terram
993 3217 1003 3256 .·
1017 3201 1105 3257 seruire
1116 3198 1172 3254 Do·

378 3296 636 3360 materiamen
656 3294 811 3361 emuitateei
828 3310 885 3361 eum
904 3303 1011 3348 tremore
1025 3290 1114 3366 (Psoi.
1131 3306 1176 3359 rr„

378 3386 444 3443 libet
454 3386 509 3457 ll).
523 3386 570 3443 llle
582 3386 653 3442 enim
663 3402 720 3454 rer,
731 3387 802 3443 ultor
811 3386 950 3456 impiomm
959 3398 1062 3455 regum,
1075 3390 1103 3440 et
1113 3397 1173 3441 ree-

379 3486 424 3537 mr
437 3478 560 3547 piorum,
574 3491 627 3530 non
639 3477 674 3531 ita
688 3484 837 3541 natusest,
851 3483 881 3530 ut
894 3490 971 3545 repes
982 3483 1128 3541 irascuntur
1143 3474 1171 3529 in

377 3567 496 3633 mentm
510 3569 572 3639 quia
582 3574 609 3623 et
624 3568 669 3624 iile
683 3576 761 3631 iratus
774 3576 833 3633 est,
848 3568 923 3638 cujus
933 3582 1043 3638 regnum
1065 3581 1117 3635 uon
1130 3575 1172 3622 est

376 3656 413 3715 da
426 3657 479 3713 lmc
489 3659 598 3715 seculo.
610 3657 740 3713 Nobilitas
754 3657 803 3714 luit
819 3659 969 3723 irascentis,
980 3658 1008 3715 ln
1021 3658 1171 3729 virqinitate

377 3749 525 3822 pqrieatis;
536 3758 564 3805 et
577 3751 700 3809 nobilitas
713 3751 857 3821 parientis,
872 3751 897 3805 in
912 3749 1049 3807 diuinitate
1059 3765 1171 3807 nascen-

378 3842 558 3913 tia-lienique
572 3858 632 3901 eum
652 3850 706 3899 tam
723 3843 800 3899 multi
818 3843 873 3913 jam
892 3842 947 3899 uati
961 3851 1041 3913 atquo
1052 3842 1172 3907 defuncti

377 3942 470 4002 assem
483 3948 560 4005 repes
572 3932 742 3999 ludaeorum,
757 3949 891 4004 tranquam
904 3947 1063 4003 quemquam
1075 3946 1170 3989 eorum

376 4022 543 4095 adorandum
561 4023 629 4097 llaqi
643 4025 807 4095 quesierunt
821 4024 833 4078 'z
854 4023 916 4094 qnia
938 4038 989 4081 uec
1007 4012 1170 4095 quemquam

377 4128 473 4183 sorum
485 4115 557 4181 caulo
567 4114 692 4186 loquente
707 4115 866 4182 didicerant.

412 4204 529 4263 CAPUT
531 4262 533 4267 ,
543 4205 575 4261 ll.
587 4236 624 4249 -
635 4207 663 4263 5.
677 4205 827 4263 tuscorum
849 4206 949 4262 roemtca
962 4207 989 4261 ist
1006 4206 1063 4277 ipsu
1074 4205 1169 4261 ilianu-

377 4296 481 4355 surm
489 4296 636 4368 disponam.
646 4297 786 4369 Scriptum
794 4298 864 4370 apud
874 4297 979 4354 Judoeos
988 4308 1090 4369 propter
1102 4296 1169 4353 Gen·

376 4387 442 4445 tissa
455 4387 533 4458 nidmu
545 4389 650 4446 relicua.
665 4388 864 4457 Verumtamen,
877 4390 945 4459 quod
956 4389 1167 4460 pratereundum

376 4494 433 4535 artu
444 4488 499 4544 est,
513 4478 717 4551 lmellaqcrum
734 4481 892 4537 illuminatio
911 4495 1035 4551 magnum
1046 4481 1167 4537 testimo·

375 4568 452 4639 sai-um
464 4571 591 4627 caecitatis
604 4571 705 4637 exstitit
715 4569 877 4628 ludaeorum.
893 4571 921 4627 ln
932 4570 1004 4628 'terra
1016 4587 1109 4628 eonmr
1124 4572 1167 4629 isti

377 4661 565 4732 requirebant,
578 4679 657 4734 quem
670 4663 708 4720 illi
719 4664 745 4719 in
753 4679 805 4735 ,sua
818 4680 870 4720 non
889 4665 1077 4746 agitnseeham.
1090 4665 1168 4737 ilpud

374 4753 478 4811 assisti
492 4755 618 4811 itriantcm
633 4757 801 4821 inuenerunt,
813 4757 1011 4828 quemiliiapud
1024 4773 1053 4815 se
1067 4758 1166 4816 docen-

374 4851 609 4914 temnegareruut
622 4855 643 4899 ι.
657 4845 685 4900 ln
698 4846 740 4901 lris
749 4847 825 4903 terris
836 4847 870 4903 de
883 4848 1026 4919 lonqinquo
1036 4849 1079 4904 isti
1090 4865 1167 4920 pere·

373 4933 447 5005 qriui
469 4950 581 5005 puerum
605 4933 739 4993 Christum
763 4936 880 4993 aonidum
899 4938 978 4995 rerba
998 4948 1166 5009 promentem

371 5024 571 5096 adorauerunt,
587 5028 631 5084 ubi
648 5028 718 5084 circs
731 5028 768 5084 llli
782 5028 910 5098 inormem
925 5030 1050 5085 miracula
1064 5030 1165 5087 lacien-

373 5127 432 5175 teau
441 5120 642 5179 orueiitxerum.
656 5120 701 5177 lsti
715 5121 875 5177 inmemhris
888 5122 977 5192 parvis
991 5123 1074 5179 Deum
1083 5139 1165 5196 aqna·

372 5220 472 5271 maol
484 5211 506 5278 ‘s
518 5212 556 5280 illi
566 5213 600 5281 in¹
609 5213 683 5269 lactis
696 5215 799 5285 magnis
809 5230 859 5271 nec
869 5224 994 5286 tanquam
1007 5216 1106 5273 homini
1120 5234 1165 5289 pe-

371 5312 517 5377 paruerunt
533 5306 628 5374 :quasi
639 5304 700 5376 plus
715 5304 794 5363 luerit
810 5305 900 5373 ridere
912 5323 1006 5364 aotam
1019 5308 1123 5365 stellam
1136 5309 1164 5367 in

377 5436 644 5519 ⁸¹¹rrtnrtuseensuns,
660 5437 759 5505 Aunbu
777 5445 814 5492 est
831 5453 846 5492 e
863 5439 931 5504 culo,
954 5448 981 5494 st
1002 5441 1165 5507 appellaretur

361 5500 677 5635 *ff'g'tfflpffif'e'fhsn
689 5571 718 5616 at
734 5571 800 5636 tor,
816 5556 992 5639 maturabatur
1009 5579 1119 5639 ntupum,
1138 5568 1164 5621 iu

366 5620 612 5694 dummodmersorio
622 5624 736 5699 quesbus
746 5625 1028 5701 mmmreturmmlrdus,
1047 5629 1164 5692 miontili·

368 5685 1162 5819 anmttuautntnmttmtratmn

365 5816 528 5870 sommium,
540 5823 600 5872 piro,
611 5817 763 5876 repererunt.

1226 2295 1294 2352 iurte
1306 2298 1423 2369 Pagani,
1437 2315 1504 2369 quos
1516 2300 1612 2355 lucrari
1627 2303 1764 2367 volumus,
1775 2303 1891 2358 eliserint
1903 2320 1955 2359 non
1969 2321 2015 2360 eas

1225 2395 1298 2442 tanto
1307 2397 1369 2442 ante
1381 2388 1532 2458 predictas,
1542 2390 1588 2444 sed
1600 2401 1659 2460 post
1669 2407 1757 2446 rerum
1771 2403 1906 2458 eternum,
1919 2404 1947 2448 nt
1957 2395 2015 2449 haue

1224 2477 1366 2548 quaefacta
1381 2487 1444 2533 sunt
1468 2480 1622 2551 prophetata
1637 2489 1793 2550 putarentur
1805 2498 1840 2547 ,a
1864 2484 1940 2538 uoltis
1954 2499 2014 2541 esso

1224 2566 1538 2632 coniicias31udreorum
1563 2569 1669 2625 codices
1690 2573 1852 2638 recitamus,
1865 2581 1894 2627 ut
1907 2574 2015 2629 tollatur

1224 2657 1355 2714 dubitatio
1377 2660 1564 2730 paganorum:
1579 2663 1622 2731 qui
1635 2662 1689 2731 jam
1709 2663 1735 2716 in
1757 2664 1840 2735 lhtqis
1855 2665 1906 2721 illis
1918 2667 2015 2736 figura-

1223 2752 1330 2816 bantur,
1345 2767 1413 2822 quos
1426 2751 1512 2807 ludaei
1524 2752 1675 2808 decivitate
1687 2755 1775 2824 inqua
1787 2766 1863 2811 natus
1873 2767 1914 2812 est
1924 2757 2015 2812 Cirris-

1224 2850 1276 2910 tus,
1291 2842 1388 2899 divinis
1397 2845 1510 2914 eloquiis
1525 2845 1707 2911 instruebant,
1722 2857 1750 2902 et
1761 2863 1822 2902 eam
1838 2850 1888 2918 ipsi
1903 2864 1954 2904 nee
1972 2865 2013 2905 re·

1223 2934 1374 3004 qrtirebant,
1386 2948 1437 2989 nee
1449 2935 1639 3004 agnoscebant.

1258 3023 1372 3080 cneus
1398 3023 1490 3079 lll.-
1505 3025 1533 3082 l.
1559 3025 1658 3080 Christo
1681 3027 1804 3082 charitats
1828 3045 1886 3082 cunt
1915 3028 2018 3086 tuum

1225 3111 1316 3167 dentes
1330 3112 1465 3168 retinent.
1480 3113 1556 3169 Nune
1567 3130 1641 3186 ergo,
1654 3117 1815 3182 citatissimi,
1825 3118 1917 3188 gratim
1930 3120 1976 3175 iiiii
1986 3128 2014 3174 et

1225 3201 1365 3270 haerodes,
1379 3203 1469 3260 ridete
1483 3205 1648 3260 uocationem
1662 3216 1777 3261 rostram
1788 3247 1795 3272 ,
1807 3217 1835 3262 et
1846 3207 2014 3264 maniiestato

1224 3291 1324 3349 iudeis
1336 3302 1364 3349 et
1377 3292 1506 3349 Gentibus
1526 3294 1632 3349 Christo
1654 3304 1776 3366 tanquam
1791 3294 1910 3366 angulari
1933 3298 2014 3366 lapidi

1224 3385 1489 3457 perseverantissima
1511 3384 1654 3441 dilectione
1675 3387 1817 3442 coltmrete.
1832 3387 2014 3445 llaniiesmtus

1223 3475 1295 3532 enim
1319 3475 1410 3531 estin
1433 3474 1499 3545 ipsis
1521 3475 1661 3532 cunabulis
1682 3475 1800 3531 inlatum
1819 3492 1874 3532 suae
1905 3478 1948 3533 lais
1968 3481 2013 3549 qui

1224 3579 1327 3636 prope,
1348 3564 1431 3621 ethis
1444 3565 1488 3635 qui
1512 3566 1592 3638 lonqe
1604 3574 1682 3621 cram
1695 3583 1703 3631 ς
1716 3567 1817 3623 ludaeis
1838 3568 1864 3623 in
1878 3580 2013 3639 pastorum

1223 3656 1441 3727 propinquitate,
1454 3656 1584 3712 Gentibus
1608 3657 1634 3711 in
1653 3657 1789 3727 llaqorum
1811 3658 2012 3729 longinquitate.

1223 3748 1264 3804 llli
1287 3748 1346 3818 ipso
1359 3744 1403 3802 die
1415 3762 1469 3817 quo
1481 3751 1559 3803 natm
1577 3755 1636 3813 est,
1647 3748 1690 3802 isti
1712 3747 1822 3803 adeum
1837 3747 1916 3803 bodie
1934 3752 2016 3805 adre-

1222 3840 1295 3895 nisse
1305 3837 1459 3894 ereduntur.
1474 3838 1657 3895 llaniiestatus
1669 3854 1733 3908 crgo
1743 3848 1803 3903 est,
1820 3856 1869 3895 nec
1882 3841 1933 3896 illis
1947 3841 2014 3896 duc·

1223 3930 1274 3995 tis,
1301 3941 1351 3985 trec
1365 3929 1423 3984 istis
1442 3929 1531 3999 justis.
1547 3930 1677 3985 Praeralet
1699 3946 1813 4003 namque
1832 3933 1962 4003 imperitia
1987 3935 2014 3989 iu

1223 4021 1370 4077 rusticitate
1384 4029 1532 4090 pastinum,
1546 4029 1575 4076 ct
1590 4021 1712 4090 impietas
1725 4022 1752 4076 in
1766 4024 1913 4094 sacrilegiis
1926 4024 2016 4095 llaqo-

1223 4127 1294 4168 ruat.
1319 4112 1453 4182 Utrosquo
1471 4111 1520 4167 sihi
1542 4111 1610 4182 lapis
1635 4111 1681 4168 illc
1700 4112 1834 4183 anqttlaria
1854 4115 1982 4185 applicuit
2005 4134 2013 4172 :

1225 4203 1323 4273 quippe
1334 4201 1380 4273 qui
1393 4202 1466 4257 venit
1476 4201 1555 4257 stulea
1571 4201 1663 4256 muudi
1676 4202 1785 4273 eliqere,
1800 4212 1828 4257 ιιι
1841 4203 2017 4261 contunderet

1223 4296 1359 4368 sapientes·
1370 4294 1399 4366 (Ι
1414 4295 1477 4351 Cor.
1503 4310 1528 4361 ι,
1541 4295 1612 4366 97);
1626 4302 1654 4350 et
1668 4310 1720 4350 non
1735 4310 1830 4351 uocare
1849 4295 1952 4366 justos,
1966 4298 2017 4353 sed

1222 4394 1377 4458 peccatores
1389 4384 1506 4457 illarii.
1520 4401 1557 4453 rx,
1572 4386 1622 4459 la)
1634 4402 1642 4451 ;
1655 4397 1685 4441 ut
1697 4387 1785 4443 nrtllus
1798 4403 2016 4459 magnussuper-

1221 4477 1307 4542 biret,
1329 4478 1419 4532 nullus
1438 4476 1546 4532 inimus
1567 4477 1757 4547 deperarent.
1774 4477 1848 4534 Unde
1868 4478 1971 4535 Scribas
1987 4492 2015 4536 et

1223 4567 1422 4623 euertendam
1435 4566 1516 4622 nimis
1527 4566 1598 4622 docti
1612 4577 1641 4621 et
1650 4566 1729 4622 nintis
1741 4566 1864 4637 justisibi
1876 4568 2010 4635 ridentur,

1220 4659 1297 4730 cuins
1311 4658 1444 4714 nascentis
1452 4657 1588 4715 ciuitatem
1601 4658 1776 4715 ostemhrrnnt
1791 4660 1946 4730 prophetica
1958 4662 2012 4717 ein

1220 4750 1280 4820 quia
1296 4749 1448 4814 recitantes,
1465 4749 1536 4804 hunc
1550 4748 1761 4820 reprohaverunt
1774 4752 1946 4810 ardilieantes.
1959 4752 2015 4807 Sed

1218 4841 1280 4913 quia
1292 4839 1378 4897 iactus
1389 4849 1431 4897 est
1451 4841 1479 4897 ia
1492 4842 1678 4912 eaputanquli
1693 4841 1780 4908 (l’sut.
1793 4859 1865 4901 caru
1875 4884 1883 4912 ,
1895 4844 1931 4901 ιι
1943 4847 1969 4915 ι,
1986 4857 2013 4901 et

1218 4931 1290 5003 quod
1304 4940 1381 4989 uatus
1391 4932 1520 5000 ostendit,
1536 4948 1629 5003 passus
1640 4933 1772 5004 implerit;
1788 4935 1849 4991 ltuie
1863 4951 1912 4993 nos
1923 4937 2010 4993 iulae-

1218 5037 1325 5081 raamns
1347 5038 1407 5080 eum
1427 5024 1481 5081 alio
1502 5025 1603 5094 pariete
1624 5024 1740 5083 habento
1761 5026 1888 5096 reliquas
1908 5027 2015 5095 lsrael,

1217 5130 1277 5187 qua
1290 5116 1502 5186 perclectiooem
1511 5116 1604 5184 unctu
1613 5115 1695 5171 salum
1704 5113 1781 5171 iactae
1795 5125 1858 5171 suus
1870 5116 1958 5188 idest.
1969 5135 2009 5184 xi,

1217 5204 1258 5280 5).
1274 5208 1326 5263 mu
1341 5209 1411 5263 enirn
1431 5216 1552 5277 pastores
1565 5206 1604 5263 illi
1618 5206 1822 5276 mardqurabarst
1834 5207 1872 5264 ds
1887 5209 2010 5277 proatnn

1218 5298 1429 5370 eorrjunpendos,
1443 5306 1471 5353 ut
1485 5307 1512 5352 et
1527 5313 1591 5364 nos,
1603 5311 1715 5369 quorum
1726 5311 1761 5353 es
1772 5297 1916 5367 lonqinquo
1926 5314 2010 5357 rocas

1219 5391 1318 5446 tionem
1330 5388 1467 5459 llaqorum
1481 5388 1647 5459 significabat
1659 5387 1802 5455 advertus,
1809 5388 1864 5458 jam
1875 5404 1928 5445 airu
1944 5405 2005 5459 per·

1218 5483 1303 5555 aprini
1315 5491 1343 5538 et
1354 5481 1493 5552 inquilini,
1506 5481 1555 5539 sed
1575 5482 1647 5537 eires
1661 5492 1815 5539 sauctorum
1827 5490 1856 5535 et
1867 5482 2006 5539 ιοιικιιιίιι

1216 5573 1263 5631 ltoi
1276 5587 1440 5635 maneamus.
1453 5571 1607 5631 coedificati
1620 5587 1701 5643 super
1712 5572 1912 5630 lnndameatmu
1921 5574 2008 5646 Apos-

1217 5664 1332 5719 tolorum
1344 5673 1371 5719 et
1384 5663 1588 5734 Proplteutrum,
1601 5663 1659 5741 ipso
1673 5677 1777 5718 suornm
1790 5663 1909 5734 angulari
1919 5662 2007 5735 lapide

1218 5755 1349 5811 existente
1374 5753 1482 5809 Christo
1513 5754 1577 5810 lesu
1605 5773 1613 5809 ι
1637 5753 1680 5826 qni
1701 5754 1763 5810 iecit
1787 5761 1900 5825 utraque
1923 5768 2005 5811 unum

399 5869 497 5932 wiltu,
519 5881 595 5924 rreum
605 5875 773 5925 ademarum.
787 5880 813 5926 nt
824 5879 988 5942 manusmtpu,
1000 5886 1076 5930 ueun
1092 5891 1164 5944 anne
1244 5868 1252 5877 “

365 5937 464 5981 rerunt.

1250 5946 1307 5995 ιζ-ἵζι
1319 5940 1426 6005 potiores
1437 5944 1597 6002 rrtmmstripti.
1613 5953 1638 5993 nt
1651 5944 1726 6005 utin,
1738 5941 1859 6005 infinitus.
