4759 6684
389 606 438 665 tea
1068 604 1183 662 surano
1203 604 1354 664 ιιιιιιι.
1974 618 2055 674 m,-

389 718 478 775 debcu
495 714 550 773 Sed
566 715 700 772 iubebunt
712 713 787 783 dlud,
801 715 851 785 ais,
865 715 962 773 iratres
976 714 1057 771 illius.
1071 714 1094 772 0
1109 719 1178 772 mnia
1235 732 1325 773 nierisa
1340 717 1429 775 divitis
1446 720 1541 777 trustra
1555 724 1774 795 concupiscebat:
1793 741 1874 785 canet
1892 729 2028 787 ulceribus

389 806 519 874 doctrina,
538 807 639 863 docens
654 806 722 860 lilios
742 816 801 861 tuos
812 816 926 861 mortem
946 814 1039 876 optare
1053 804 1179 862 iratribus
1235 808 1380 877 pascebat,
1396 818 1423 865 et
1437 824 1452 864 a
1464 811 1546 869 diuite
1560 829 1612 870 non
1632 816 1800 888 pascebatur.
1816 817 1934 891 Uterque
1955 834 2026 878 nios-

389 899 461 956 nist
480 897 510 954 Si
523 897 558 953 dc
572 912 602 952 re
616 895 705 952 fratris
719 896 759 952 sui
771 897 868 952 mortui
881 897 992 953 ditiores
1003 906 1099 966 crunt,
1120 898 1180 954 ride
1235 904 1296 952 tuus
1309 906 1351 953 est
1366 915 1373 952 :
1389 915 1458 955 unus
1477 916 1570 957 eornm
1591 905 1711 975 sepultus
1728 916 1792 973 est3¹
1807 907 1841 964 de
1859 909 1945 972 altem
1962 909 2048 982 quida

389 987 614 1061 quemadmodum
642 1002 672 1042 se
699 986 837 1042 attendant
868 988 895 1041 in
928 986 1007 1042 domo
1031 997 1086 1043 tua.
1110 987 1179 1057 Quid
1234 984 1412 1043 dictumest?
1426 989 1532 1047 Attalea
1543 993 1625 1048 estut
1639 995 1743 1068 :bryetis
1761 997 1788 1052 iu
1802 999 1886 1055 sinum
1906 1000 2026 1059 Atrum.

390 1095 450 1154 erpa
482 1078 589 1137 lacicsl
620 1078 813 1135 Patrimonium
841 1078 956 1146 dividis,
985 1087 1012 1136 et
1039 1078 1180 1150 parricidia
1236 1074 1314 1132 liidet
1325 1077 1403 1134 diues
1416 1096 1571 1152 pauperem,
1586 1084 1640 1140 imo
1650 1084 1706 1156 jam
1721 1102 1820 1158 pauper
1833 1088 2050 1151 din·iteru:de-..

390 1171 490 1229 w,
1234 1167 1334 1225 siderat
1346 1170 1380 1227 de
1396 1167 1481 1245 'digito
1498 1175 1595 1232 stillam
1615 1193 1691 1250 aqum
1707 1180 1735 1236 in
1750 1181 1865 1253 lingnam
1884 1198 1977 1252 mam,
1989 1187 2049 1245 ab.¹

420 1262 465 1319 ld.
486 1290 526 1305 ·—
545 1257 663 1318 cimam
684 1261 744 1334 filiis
764 1260 969 1317 annumerandus
988 1262 1015 1316 in
1036 1262 1182 1335 patrimonii
1235 1258 1333 1330 illoqui
1349 1261 1511 1320 desiderarit
1523 1267 1664 1325 mioemde
1678 1285 1770 1328 mensa
1784 1272 1853 1343 ejus.
1867 1274 2030 1336 Certeriees

391 1353 583 1411 tmuosnsm
597 1353 758 1409 nolodieere
771 1352 986 1420 deunoamisso,
999 1368 1120 1410 occasus
1132 1353 1181 1410 bu·
1235 1360 1343 1409 mutatae
1363 1364 1436 1410 sunt.
1455 1356 1564 1414 l'rustra
1579 1358 1631 1416 boc
1642 1359 1707 1417 dicit
1719 1361 1794 1420 (lires
1809 1373 1953 1423 mortuus:
1972 1383 2026 1425 non

393 1460 482 1501 nanos
495 1444 589 1501 ridear
601 1445 707 1500 minari.
730 1443 825 1500 llelius
844 1444 959 1516 quodam
975 1445 1055 1500 modo
1069 1459 1180 1516 prospe-
1234 1440 1332 1498 lrrrstra
1347 1444 1398 1501 boc
1411 1447 1551 1504 audiamus
1563 1451 1608 1521 quii
1624 1451 1749 1511 uiuimus.
1765 1453 1831 1511 Nam
1847 1466 1874 1512 et
1886 1457 1932 1514 ille
1943 1459 2046 1521 rulttit·¹

391 1538 497 1609 desque
517 1537 667 1608 loquamur.
679 1536 737 1592 Non
751 1536 829 1604 dieo,
847 1552 928 1592 unum
948 1537 1036 1592 minus
1054 1537 1179 1603 babebis,
1235 1531 1268 1586 etl
1288 1549 1400 1603 superos
1419 1541 1556 1605 reuocari,
1573 1550 1602 1597 et
1621 1559 1675 1599 uon
1698 1554 1739 1600 est
1757 1546 1902 1616 permissus
1919 1567 1926 1606 ε
1942 1550 2027 1606 roluit

320 1691 329 1699 ⁴
392 1640 515 1701 computa
531 1630 590 1702 quia
604 1644 685 1685 nomn
703 1629 763 1700 plus
780 1628 873 1684 habes.
892 1628 947 1686 Fac
966 1629 1054 1685 lucum
1077 1629 1182 1684 Cirristn
1234 1623 1350 1694 aliquem
1364 1639 1528 1685 mortuorum
1553 1633 1621 1687 mitti
1638 1634 1671 1690 ad
1689 1635 1785 1693 iratres
1804 1652 1885 1707 suos,
1905 1655 1956 1696 nec
1975 1640 2027 1697 boc

391 1735 450 1776 cum
464 1720 528 1778 tiliis
546 1719 616 1787 tuis,
638 1718 748 1775 accedat
761 1718 870 1774 inmitia
889 1728 941 1775 tuce
958 1719 1086 1775 burminus
1100 1728 1180 1787 tuus,
1236 1714 1274 1769 illi
1285 1731 1442 1774 cencessum
1456 1729 1506 1777 cst.
1530 1722 1584 1780 Sed
1604 1726 1707 1796 quidet
1724 1728 1824 1785 dictum
1845 1733 1907 1789 eset
1926 1732 2043 1791 tinum,

388 1809 499 1885 secedat
514 1809 548 1866 ad
563 1809 663 1882 prolem
681 1807 793 1866 Creator
805 1817 887 1876 tuus,
906 1809 1016 1866 accedat
1036 1809 1069 1865 ad
1089 1823 1183 1865 uume-
1234 1804 1270 1860 itt
1291 1806 1395 1878 boysen
1409 1819 1433 1864 et
1452 1809 1603 1883 Propbetua.
1629 1816 1663 1872 Et
1681 1818 1725 1874 ille
1740 1837 1748 1874 :
1765 1819 1825 1877 Nou
1839 1823 1942 1880 aetion
1955 1864 1964 1890 ,
1978 1826 2029 1880 arisi

386 1916 445 1958 nm
460 1902 579 1958 filiorum
596 1911 701 1957 tuorum
723 1900 889 1957 steterimus,
909 1901 975 1958 Cum
989 1902 1059 1958 enim
1079 1909 1181 1958 tantun
1234 1895 1354 1967 aliumue
1368 1901 1471 1956 mortuis
1491 1902 1557 1959 t'erll.
1578 1905 1623 1960 All
1647 1907 1684 1962 llll
1701 1909 1836 1966 Abrabam
1874 1912 2043 1984 swoysla-

380 1991 503 2061 inimic,
517 2000 546 2049 οι
557 1991 639 2047 frater
653 2007 713 2048 esse
725 1991 850 2064 dignatus
862 2001 912 2049 esu,
934 1994 968 2049 Et
981 2009 1041 2049 cum
1057 1993 1091 2050 sit
1109 1993 1181 2049 Patri
1235 1995 1259 2042 et
1271 1985 1415 2060 Propiretur
1429 2008 1479 2046 non
1494 1995 1613 2062 andiunt,
1628 2014 1683 2064 uec,
1704 2000 1793 2072 deuia
1806 2018 1821 2056 u
1834 2003 1940 2058 mortuis
1951 2004 2045 2072 ierit„

377 2081 498 2143 [lumin.
512 2084 598 2140 voluit
611 2084 709 2140 babere
721 2084 886 2142 cotnaredes.
900 2085 968 2141 Ecce
983 2084 1027 2140 illc
1036 2100 1115 2156 quam
1129 2085 1182 2141 lar·
1235 2077 1336 2133 credent
1355 2077 1429 2146 (ltc-
1442 2097 1506 2147 xm,
1523 2084 1631 2156 ¹9·3¹)·

369 2178 474 2249 gitcr!
498 2186 528 2233 tu
546 2191 629 2249 qniare
646 2184 700 2231 tem
719 2176 873 2232 steriliter?
897 2175 968 2232 liuns
988 2176 1056 2231 illios
1077 2175 1180 2244 babes,

368 2268 495 2324 tertium
510 2265 585 2323 illum
599 2274 722 2337 compute
737 2283 743 2319 :
760 2275 814 2321 tres
829 2265 922 2333 babes,
936 2275 1045 2337 quartus
1056 2280 1182 2323 numere-

365 2363 427 2414 tur
442 2371 452 2412 ε
467 2355 589 2427 quintum
602 2354 703 2422 babes,
717 2363 809 2410 serum
827 2354 931 2411 dicatur
948 2354 1060 2411 :decem
1081 2354 1180 2424 babes,

364 2450 549 2507 undecimus
565 2449 611 2504 sit.
631 2448 699 2505 Nolu'
718 2448 833 2518 amplius
851 2447 963 2503 dicere:
982 2447 1061 2504 unius
1081 2446 1126 2502 lilii
1144 2447 1186 2503 tul·

364 2556 467 2598 ursa
483 2542 571 2597 locum
586 2540 699 2596 bomine
719 2549 773 2593 tuo.
797 2537 871 2607 Quod
886 2538 956 2594 enirn
974 2537 1050 2593 dabis
1069 2537 1184 2593 bomine

365 2640 453 2699 tuo.
473 2640 504 2689 et
523 2630 570 2686 tibi
586 2628 705 2701 proderit
716 2637 743 2684 et
758 2628 818 2682 tiliis
834 2624 885 2683 tu'is
900 2645 908 2682 τ
925 2627 995 2698 quod
1009 2635 1098 2683 autem
1113 2628 1183 2684 male

365 2737 483 2779 serras
497 2720 558 2777 liliis
571 2723 642 2788 tuis.
662 2729 690 2777 ct
702 2720 748 2776 tibi
761 2719 845 2775 oberit
863 2727 890 2776 et
909 2719 982 2776 liliis.
998 2718 1079 2774 babis
1092 2728 1181 2776 autern

365 2812 542 2885 'unionem
556 2826 654 2875 umam,
667 2826 746 2883 quarn
761 2810 840 2865 nnius
854 2809 901 2865 dlii
913 2809 1058 2880 deputasti.
1080 2809 1182 2880 [tepula

367 2914 413 2963 te
423 2920 512 2961 tanum
524 2904 637 2974 amplius
649 2903 783 2974 genuisse.

421 2994 539 3053 CAPUT
557 2994 617 3051 xit.
641 3025 676 3036 -
702 2994 747 3050 ll.
774 2994 893 3048 deuritioe
917 2994 1045 3049 excusatio
1072 2994 1181 3052 subiate.

368 3085 458 3157 (pitu
470 3100 613 3158 magnum,
627 3084 723 3140 iratres
734 3084 808 3141 mcii
823 3085 968 3140 consilinm
984 3084 1038 3148 do,
1054 3085 1183 3157 nuncquid

372 3185 481 3249 guttur
493 3176 569 3248 liget
587 3174 663 3232 Sicut
680 3175 718 3231 ait
735 3176 878 3247 Apostolus
894 3192 901 3227 τ
917 3174 981 3229 llice
1002 3174 1035 3228 ad
1050 3176 1182 3231 utilitatem

373 3276 497 3325 mem
509 3268 576 3336 dico,
590 3285 640 3322 neu
652 3277 680 3322 ut
696 3266 814 3338 luperam
824 3264 892 3321 uobis
902 3267 1013 3336 injiciam
1026 3265 1049 3338 (l
1062 3265 1120 3321 dor.
1134 3282 1181 3333 ιιι,

383 3360 449 3430 35).
461 3360 541 3425 Puto,
561 3359 673 3422 luntres,
687 3358 748 3429 quia
762 3373 841 3428 parm
854 3365 881 3414 et
894 3358 977 3413 tacitis
989 3357 1111 3428 cogitatio
1124 3366 1182 3426 est,

386 3461 486 3525 putare
499 3461 601 3523 patrem
615 3450 730 3506 liliorum
746 3449 845 3505 trabere
857 3465 937 3504 unum
955 3449 1038 3505 lilium
1054 3450 1181 3520 amplius,

390 3552 419 3599 et
432 3557 589 3612 comparare
601 3540 661 3596 talia
674 3539 773 3611 predia
787 3555 847 3610 quito
859 3539 995 3610 possideas
1005 3539 1031 3594 in
1042 3548 1181 3609 aetemum,

390 3642 418 3690 et
430 3633 488 3705 ipse
497 3640 524 3688 et
542 3631 588 3687 lilii
599 3633 647 3687 tni.
661 3630 730 3699 Quid
745 3630 815 3687 dicat
827 3631 936 3685 auaritia
951 3645 1004 3686 nen
1017 3628 1107 3687 babet.
1119 3631 1182 3688 Cla-

392 3724 485 3783 nacte
506 3723 541 3781 ad
559 3724 641 3780 rerba
661 3723 721 3780 ista.
741 3722 891 3793 loquimini
913 3731 1005 3778 contra
1020 3722 1092 3778 illam
1106 3765 1114 3791 ,
1128 3737 1182 3778 non

392 3830 440 3872 res
460 3816 560 3878 sinent.
586 3830 638 3871 non
666 3816 726 3885 plus
754 3814 841 3869 valeat
871 3813 898 3868 in
923 3813 1047 3870 cordibus
1075 3814 1183 3883 restris,

393 3922 473 3979 pmcn
492 3906 655 3978 liedemptor
676 3914 774 3962 nester.
793 3902 851 3960 Non
873 3904 933 3975 ptus
947 3903 1033 3958 ualeat
1054 3904 1081 3959 in
1101 3904 1183 3960 corde

393 4008 491 4068 rabo,
505 4012 585 4071 poam
601 3998 645 4053 ille
657 3998 702 4069 qui
720 4006 810 4052 monet
822 4003 851 4050 nt
863 4008 970 4050 sursum
989 3993 1071 4049 eorda
1085 3994 1183 4051 babea-

395 4106 461 4148 mus.
478 4090 538 4148 lam
553 4104 617 4160 erpo
629 4089 705 4145 istam
724 4087 898 4144 dimittamus.

427 4185 470 4241 lS.
484 4212 522 4227 -
533 4180 648 4239 Gbrirtus
661 4192 749 4236 contre
762 4181 889 4234 lucernum
906 4178 973 4233 idem
987 4178 1094 4233 consulit
1116 4178 1184 4246 qnod

395 4274 504 4332 uano.
524 4272 601 4330 llioee
616 4272 773 4343 imprudens.
789 4271 902 4327 Luxinio
915 4269 978 4340 quid
995 4269 1075 4325 dicitl
1095 4269 1184 4338 Quid?

397 4364 515 4423 laecum
527 4365 613 4421 antima
626 4371 668 4418 tua
684 4364 762 4419 bene.
774 4363 842 4417 Ecce
852 4361 917 4417 dicit
928 4370 956 4417 et
970 4361 1097 4416 [lominus
1109 4375 1118 4414 :
1131 4360 1184 4416 Fac

396 4474 451 4516 cem
465 4458 555 4512 antima
576 4464 619 4510 tna
636 4455 714 4508 bene.
728 4453 804 4521 Quod
818 4452 864 4507 tibi
878 4451 984 4507 dicebat
998 4451 1117 4517 luxmin,
1133 4449 1184 4506 boc

368 4538 371 4543 ’
396 4549 440 4606 tibi
456 4549 524 4606 dicit
536 4546 648 4618 tristitia.
668 4545 720 4602 Sed
734 4544 794 4600 ride
814 4552 841 4599 et
855 4544 897 4598 bic
916 4542 1050 4613 quomado
1069 4541 1182 4598 dicatur.

396 4642 496 4700 Slcum
510 4641 598 4696 anima
613 4648 656 4694 tna
669 4639 709 4693 ris
721 4638 807 4693 iacere
822 4637 909 4701 bene,
929 4634 1039 4692 attende
1053 4634 1128 4689 illum
1141 4634 1184 4689 di·

396 4734 472 4789 vitem
486 4730 531 4803 qni
544 4746 577 4785 ex
590 4729 700 4786 oonsilio
713 4727 824 4782 lusuriae
836 4735 863 4781 et
875 4726 992 4781 avaritie
1004 4724 1109 4781 volebat
1123 4738 1183 4780 cum

396 4826 540 4886 animaene
554 4822 623 4878 bene
635 4821 733 4877 lacere.
746 4818 881 4876 Successit
893 4818 917 4873 ei
932 4817 1017 4889 regio,
1030 4825 1058 4874 et
1071 4832 1124 4872 non
1138 4816 1186 4872 ba·

395 4912 471 4972 lelrat
488 4913 534 4968 ubi
550 4912 709 4969 reconderet
726 4909 827 4965 iunctus
848 4923 927 4974 siros,
943 4917 970 4964 et
984 4909 1021 4963 ait
1037 4925 1044 4963 :
1060 4908 1129 4974 Quid
1143 4912 1184 4981 [o-

396 5008 482 5065 mm?
496 5021 546 5060 non
569 5003 646 5057 iubeo
662 5018 712 5074 qno
729 5000 857 5072 coltipum.
881 4998 970 5052 lnocrri
988 4999 1049 5064 qnid
1067 4999 1186 5071 fecium:

396 5097 523 5153 tamum
535 5094 670 5166 upotirecut
681 5101 790 5157 ueteres,
813 5100 835 5145 et
847 5098 924 5143 nouus
935 5088 1067 5158 (edificabo
1079 5128 1087 5155 ‚
1102 5099 1126 5143 et
1146 5106 1188 5144 ru·

395 5190 466 5259 plebe
484 5204 548 5253 eus,
568 5195 591 5240 et
611 5184 694 5238 dicum
713 5183 805 5237 enimc
822 5195 906 5237 mete:
919 5178 1184 5247 determinatum,

392 5280 544 5355 jucundare.
566 5275 633 5332 nudi
651 5274 791 5332 consilinm
813 5281 905 5328 contra
922 5271 1052 5326 luxuriam
1068 5288 1076 5325 ι
1090 5270 1184 5340 Stulte,

394 5376 480 5431 mina
493 5383 538 5427 tuu
551 5371 600 5426 buc
613 5378 684 5424 nocte
699 5364 883 5438 caimetarum
901 5372 924 5419 tc
934 5378 944 5417 .·
953 5378 1010 5433 nuc
1022 5364 1185 5433 preparasti,

395 5469 468 5539 enjus
482 5472 556 5519 crunt
570 5461 644 5533 (buc.
657 5475 705 5526 ιιι,
719 5458 834 5528 lli-liti?
845 5456 879 5510 lit
892 5471 945 5526 quo
959 5455 1026 5510 itura
1041 5462 1082 5510 est
1098 5456 1186 5510 anima

395 5558 465 5623 ista.
480 5572 541 5628 quae
553 5554 687 5609 attic-retur
698 5551 731 5607 ab
746 5548 812 5605 illel
826 5548 882 5604 liae
895 5558 972 5603 nocte
989 5547 1126 5603 eniteretur
1138 5588 1146 5614 ‚
1160 5555 1188 5602 et

395 5648 479 5706 rescit
495 5662 549 5719 qtrc
562 5645 630 5700 itura
645 5651 696 5699 est.

430 5738 547 5798 CAPUT
565 5734 634 5793 lllll.
647 5761 683 5777 -·
703 5731 746 5788 tu.
769 5729 844 5786 Dicet
862 5729 926 5784 ulter
946 5728 1100 5782 inuncans.
1121 5726 1188 5784 vide

396 5835 478 5891 elium
500 5830 611 5889 divitem
631 5826 814 5889 lacunosum,
845 5821 999 5892 superbum.
1025 5819 1211 5890 Epulnbatur'

395 5923 517 5999 qnotidie
531 5919 686 5994 splendide,
699 5928 727 5974 et
738 5914 896 5973 induebatur
910 5926 1025 5983 purpura
1040 5922 1069 5968 et
1082 5912 1164 5984 bysso
1178 5929 1186 5967 ι

398 6029 425 6075 et
447 6030 550 6092 pauper
572 6011 708 6069 ulcerosus
725 6006 829 6079 jacebat
851 6005 884 6061 ad
904 6002 1030 6073 immam,
1053 6001 1135 6059 micas
1154 6001 1188 6059 dc

1269 2166 1382 2226 CAPUT
1395 2170 1471 2245 Vtut.
1484 2205 1520 2215 -
1545 2176 1589 2233 li.
1610 2175 1750 2234 &nulium
1772 2180 1822 2236 Dei
1849 2183 1882 2239 de
1903 2183 2037 2255 [cumdio

1235 2261 1399 2334 eleemosynis
1422 2280 1489 2320 nunc
1512 2268 1722 2339 amplectandum.
1749 2272 1787 2329 De
1813 2273 1940 2330 iaciendis
1964 2292 2037 2349 erpo.

1235 2351 1431 2425 eleemosynis,
1451 2363 1479 2411 et
1491 2359 1670 2428 canaparanda
1683 2361 1778 2417 animm
1793 2363 1885 2434 requie
1898 2365 1925 2419 in
1938 2375 2028 2435 poste·

1235 2457 1305 2508 rum,
1319 2452 1349 2497 ut
1360 2442 1489 2501 iaciamus
1504 2445 1572 2502 bene
1583 2463 1645 2504 cum
1659 2449 1746 2504 anima
1761 2459 1862 2532 nostra,
1879 2454 1951 2524 quod
1966 2471 2028 2526 pcr-

1235 2530 1387 2586 nersedisit
1397 2533 2028 2616 luxuria,dixitetlloyses,dixeruntetl‘repbe·

1236 2629 1279 2676 ιιι.
1287 2621 1431 2679 Audiamus
1438 2639 1498 2679 curn
1510 2624 1632 2682 sinimus.
1641 2627 1707 2699 Quia
1715 2629 1750 2685 ibi
1758 2629 1853 2687 luitura
1864 2635 2030 2706 concupiscit

1235 2711 1337 2778 audire,
1353 2714 1398 2783 qui
1415 2717 1574 2787 contempsit
1587 2718 1637 2773 ista
1659 2735 1719 2774 oum
1743 2721 1858 2778 audiret.
1874 2725 1915 2779 An
1931 2741 2029 2797 exspe-

1235 2813 1339 2860 ctamus
1348 2806 1513 2877 utaliquisct
1528 2823 1542 2862 a
1556 2809 1669 2866 mortuis
1681 2821 1811 2884 resurgat,
1820 2823 1847 2869 et
1857 2814 1928 2871 dicut
1938 2800 2027 2886 uobi's.

1236 2905 1266 2952 nt
1279 2895 1409 2953 iaciamus
1422 2900 1577 2953 cumanima
1585 2909 1674 2957 nostra
1685 2902 1831 2959 benetlam
1839 2905 1922 2965 etboc
1930 2905 2027 2963 iactuum

1236 2995 1277 3043 est
1292 3006 1299 3042 :
1315 3003 1368 3044 neu
1382 2989 1528 3046 resurrexit
1541 2987 1617 3061 pater
1627 3000 1705 3060 tuus,
1717 2993 1767 3050 sed
1778 2996 1926 3053 resurrexit
1937 2996 2030 3057 Domi-

1237 3092 1289 3132 nus
1309 3086 1380 3132 tuus.
1393 3076 1481 3149 ipsum
1495 3079 1575 3148 audi,
1588 3080 1679 3152 accipe
1691 3082 1788 3139 bonum
1801 3087 1952 3142 consilium.
1968 3087 2028 3144 Noli

1236 3181 1346 3237 parcere
1361 3167 1492 3225 thesauris
1511 3170 1563 3226 tuis
1574 3212 1582 3238 ,
1595 3186 1675 3243 eroga
1698 3184 1825 3245 quantum
1838 3165 1924 3246 potes.
1939 3177 2029 3234 buxu·

1236 3261 1283 3316 rim
1296 3278 1348 3317 vox
1362 3270 1440 3317 orat:
1456 3262 1561 3318 Donnini
1574 3279 1623 3320 vos
1641 3263 1710 3321 lacta
1734 3275 1784 3322 est.
1799 3267 1886 3340 Eroga
1899 3279 2028 3342 quantula

1236 3362 1333 3423 potes,
1355 3352 1397 3409 iac
1421 3353 1490 3409 bene
1507 3369 1569 3409 cum
1589 3355 1678 3411 anima
1694 3365 1755 3427 tua,
1771 3373 1805 3414 ne
1820 3359 1957 3418 auferatur
1977 3361 2028 3419 bac

1236 3454 1314 3501 nocte
1336 3445 1425 3502 anima
1447 3455 1501 3501 tue.
1516 3445 1625 3502 llabetis
1644 3447 1671 3502 in
1686 3448 1793 3505 nomine
1807 3448 1907 3507 Clrristi
1919 3492 1926 3519 ,
1940 3467 2027 3526 quen-

1236 3542 1292 3590 tmn
1316 3535 1446 3602 arbitror,
1466 3550 1617 3593 sermonem
1640 3535 1673 3592 de
1696 3537 1822 3597 iaciendis
1837 3540 2028 3615 eleemosynis.

1237 3623 1294 3680 lios
1310 3625 1359 3680 ista
1372 3635 1459 3682 restra
1472 3625 1636 3683 inuidentium
1649 3669 1657 3696 ,
1678 3636 1741 3684 tunc
1754 3614 1863 3704 accepta
1876 3632 1918 3689 e'st
1932 3632 2025 3690 Domi-

1236 3733 1284 3784 no,
1297 3717 1320 3772 si
1333 3717 1420 3773 rideat
1433 3727 1460 3774 et
1474 3734 1568 3775 marrus
1580 3720 1758 3791 operantium.

1449 3850 1563 3911 senno
1580 3852 1743 3910 ιιιιιιι·
1763 3853 1812 3931 (a).

1237 3984 1347 4042 Habitus
1369 3985 1410 4042 die
1425 3987 1572 4059 dominica,
1587 3989 1618 4045 de
1637 4007 1666 4046 eo
1686 3992 1755 4063 quod
1769 3992 1892 4066 scriptum
1909 4002 1963 4061 eet,
1984 3994 2028 4054 Sl·

1271 4078 1335 4135 mile
1353 4087 1395 4135 est
1414 4094 1525 4149 regnum
1546 4081 1675 4138 eoelorum
1699 4081 1800 4138 bomini
1823 4083 2028 4155 patrifamilias,

1272 4170 1317 4242 qui
1326 4170 1398 4226 misit
1408 4171 1546 4243 operarios
1554 4173 1579 4228 in
1589 4173 1695 4229 vineam
1704 4175 1974 4249 suam¹.llutttu.cup.
1982 4194 2028 4245 ιι,

1279 4264 1316 4334 i.
1338 4263 1414 4320 l-ld.

1272 4394 1386 4453 CAPUT
1418 4395 1560 4454 PillllUli.
1586 4427 1623 4440 -
1652 4399 1678 4453 l.
1711 4397 1824 4455 Calinruc
1854 4415 1900 4457 nae
1924 4398 2044 4476 Ιὶιιιιιι,Ἰ
2117 4441 2121 4449 .

1237 4497 1261 4542 ct
1286 4489 1346 4543 coiit
1369 4504 1415 4544 noe
1444 4487 1522 4544 Dmr.
1550 4490 1589 4545 De
1616 4499 1710 4547 saneto
1735 4491 1880 4563 Evangelio
1902 4493 2045 4563 presenti:

1238 4580 1351 4651 terrnpori
1372 4590 1563 4637 consonantem
1588 4582 1797 4641 similitudinem·
1812 4583 1926 4645 audetis
1939 4585 2030 4643 debis

1236 4675 1283 4747 qui
1296 4683 1443 4746 operantur
1456 4675 1483 4731 in
1498 4676 1586 4731 uinea.
1602 4676 1652 4732 Est
1665 4677 1737 4733 enim
1759 4677 1840 4734 modo
1854 4687 1960 4748 ternpus
1973 4680 2033 4734 nin·

1237 4764 1333 4821 demite
1344 4765 1502 4836 corporalis.
1518 4765 1567 4821 Est
1579 4774 1676 4825 mutem.
1689 4767 2031 4838 etspiritualisniudemia,

1238 4855 1284 4911 ubi
1311 4855 1384 4910 [teus
1408 4854 1505 4926 gaudet
1526 4854 1566 4911 ad·
1579 4856 1694 4912 iruetum
1712 4857 1798 4914 uineae
1819 4873 1886 4915 suae.
1912 4859 2032 4916 Colimus

1238 4949 1310 5003 enirn
1325 4947 1420 5006 lleuru.
1434 4955 1463 5003 ct
1473 4948 1536 5003 colit
1548 4962 1598 5003 nos
1611 4949 1693 5006 licus.
1704 4949 1757 5005 Sed
1768 4966 1821 5006 non
1835 4951 1874 5007 sic
1890 4952 1971 5007 Deum
1986 4966 2032 5006 co·

1238 5039 1336 5107 limus,
1357 5050 1386 5095 ut
1407 5056 1459 5096 uos
1471 5055 1532 5096 eum
1546 5041 1683 5099 meliorem
1696 5041 1810 5098 colenda
1824 5041 1953 5099 iaciamus
1978 5040 2029 5099 Co·

1238 5129 1318 5185 limus
1330 5130 1403 5184 enirn
1422 5145 1483 5191 eum
1499 5128 1647 5197 adorando,
1668 5146 1722 5185 non
1741 5131 1851 5186 arando.
1874 5130 1921 5186 lile
1942 5141 2031 5188 ιιιιοιιι

1238 5220 1304 5276 colit
1313 5235 1365 5275 uos
1377 5229 1504 5289 unquam
1515 5219 1631 5288 agricola
1644 5235 1748 5289 agrum.
1760 5221 1836 5287 Quod
1848 5237 1913 5292 crgo
1926 5235 1976 5277 noe
1987 5221 2032 5278 ille

1239 5313 1322 5376 colit,
1337 5311 1462 5367 meliores
1484 5325 1535 5365 nos
1557 5311 1664 5373 reddin
1687 5311 1750 5381 quie
1767 5321 1794 5367 et
1807 5311 1926 5382 agricola
1938 5327 2032 5383 esrum

1240 5400 1353 5458 colundo
1368 5401 1432 5460 lacit
1443 5399 1581 5457 meliorem
1597 5417 1604 5454 :
1618 5410 1646 5456 et
1667 5400 1753 5472 ipsum
1772 5400 1886 5459 lructum
1909 5403 1937 5458 in
1955 5403 2034 5460 uobis

1273 5583 1281 5613 ¹
1295 5587 1362 5630 itunc
1372 5592 1454 5629 serum
1465 5577 1559 5628 titulum
1579 5577 1678 5641 praesent
1693 5578 1717 5628 in
1728 5580 1854 5630 ueteribus
1863 5578 1931 5631 libris
1938 5582 2035 5644 optimae

1240 5649 1305 5692 notre
1315 5640 1487 5691 colbertinum
1499 5640 1794 5690 eiiinurconcnsimatiis
1811 5654 1870 5692 vero
1885 5648 1937 5692 tiss
1955 5642 2035 5693 ιιιιιιιιι

1240 5703 1514 5819 &affigurare
1532 5701 1615 5754 r'erbtr
1626 5700 1721 5753 dumeti
1741 5701 1874 5754 secuudum
1891 5711 1975 5763 recu,
1985 5711 2035 5766 spe

1273 5846 1280 5864 ⁶
1295 5800 1439 5909 necopnitus
1453 5845 1482 5894 ad
1493 5844 1590 5894 codices
1599 5857 1686 5895 omncs
1696 5851 1792 5897 notatos
1801 5858 1873 5910 supua
1885 5847 1909 5898 tn
1921 5859 2045 5899 semmae

1241 5907 1282 5967 ΒΞ,
1293 5915 1448 5970 acpraetorca
1459 5907 1489 5955 ad
1498 5907 1537 5967 pin
1552 5913 1577 5956 et
1588 5907 1617 5955 ad
1628 5908 1738 5969 quitatum
1754 5906 1784 5956 cl.

1272 5988 1309 6053 (ιι)
1322 5986 1391 6037 Alias.
1403 5987 1435 6038 de
1447 5987 1532 6037 t’crlris
1542 5988 1632 6039 tietuini
1641 5987 1681 6038 ru.
