4759 6684
397 633 467 692 ΜΒ

394 768 512 834 lncrmn,
528 776 555 822 et
576 767 794 838 quadrupedum,
809 781 837 826 et
860 775 1032 843 serpentium.
1061 795 1070 829 a
1095 777 1128 833 Et
1152 794 1186 836 ne

394 859 532 929 quisquam
548 872 640 913 eorum
658 859 775 928 diceret,
790 862 848 919 Non
863 863 1033 922 simulacrum
1044 869 1121 936 eolo,
1137 869 1185 927 setl

393 946 466 1015 quod
478 946 628 1017 siqnihcant
640 949 781 1006 simulacra
792 969 800 1019 ;
816 953 928 1024 subjecit
939 958 1028 1012 statim
1038 1000 1046 1021 .
1057 958 1090 1013 Et
1099 961 1185 1016 rotae·

394 1045 464 1100 rsnt,
475 1047 498 1092 et
509 1039 647 1093 seroiernnt
657 1050 780 1097 creaturae
792 1045 877 1114 potins
886 1063 962 1117 qnam
973 1047 1086 1105 Creatori
1095 1051 1183 1122 (Rom.

394 1146 413 1196 r,
429 1127 534 1198 18-25).
547 1127 689 1202 intelligite
699 1134 853 1204 prudenter.
864 1138 918 1194 hut
930 1139 1101 1199 simulacrum
1111 1144 1183 1200 enim

391 1226 495 1285 comat,
509 1229 555 1275 aut
565 1230 726 1278 ereaturam.
739 1224 788 1294 Qui
799 1227 971 1286 simulacrum
981 1232 1055 1298 colit,
1071 1248 1183 1291 morer·

391 1310 424 1363 tit
437 1306 577 1366 raritatem
598 1313 646 1368 llei
670 1315 696 1369 in
718 1317 897 1375 nreudacium.
913 1319 979 1376 Nam
995 1337 1068 1380 mare
1087 1326 1184 1381 raritas

390 1408 446 1466 est,
461 1400 597 1471 Neptunus
607 1413 708 1472 autem,
723 1408 889 1465 mendacium
904 1410 1001 1468 lactum
1014 1413 1048 1469 ab
1064 1414 1181 1484 homine,

392 1504 519 1546 conversa
533 1491 645 1550 veritate
659 1493 705 1550 bct
718 1494 745 1550 iu
759 1497 925 1555 mendacium
940 1517 947 1554 ε
961 1502 1021 1572 quia
1037 1503 1107 1560 Deus
1121 1505 1184 1562 lecit

391 1595 481 1646 rnare;
497 1580 577 1636 homo
596 1593 701 1650 antem,
717 1587 888 1644 simulacrum
900 1589 1024 1662 Neptuni.
1037 1593 1097 1661 Sic,
1112 1595 1182 1653 licus

392 1671 454 1726 lecit
467 1673 551 1728 solem
568 1674 667 1731 :honao
681 1685 769 1732 mrtem
785 1679 956 1737 simulacrum
967 1684 1030 1740 solis
1044 1685 1180 1755 iaciendo,

389 1761 520 1817 comertit
533 1763 670 1819 veritatem
679 1765 725 1821 Dei
738 1767 763 1821 in
779 1768 956 1825 mendacium.
972 1772 1024 1828 Sed
1037 1789 1070 1829 ne
1080 1773 1179 1844 dicant,

395 1849 451 1904 Non
473 1851 532 1906 colo
553 1853 745 1924 simulacrum,
761 1858 808 1912 sed
827 1859 911 1915 solem
925 1862 1002 1929 colo,
1016 1863 1076 1920 idco
1096 1865 1178 1933 dirtt,

389 1937 526 1992 Goirremnt
538 1951 677 1997 creaturam
687 1947 772 2012 patius
784 1963 858 2017 qnam
870 1947 1013 2006 Creatorem
1026 1952 1077 2024 (a).

424 2028 452 2080 2.
472 2028 525 2084 Sed
545 2031 654 2087 lursitau
672 2034 742 2089 dicct
761 2036 858 2107 aliquis
871 2056 878 2092 ε
891 2040 948 2096 east
969 2042 1025 2113 ipse
1046 2043 1180 2102 humililer

389 2126 468 2172 uatus
478 2128 530 2183 est,
544 2121 573 2174 iu
584 2120 774 2193 discipulorum
786 2126 924 2185 stabilitate
933 2130 1036 2200 jactare
1047 2148 1076 2188 sc
1086 2134 1177 2191 noluit.

389 2208 446 2262 Nun
462 2211 542 2281 clegit
556 2228 643 2283 reges,
657 2225 702 2269 am
716 2225 864 2286 senatores,
878 2231 924 2275 aut
938 2223 1117 2296 philosophos,
1133 2236 1179 2284 aut

387 2309 509 2357 oratores
524 2320 530 2357 :
545 2303 599 2358 imo
618 2320 681 2360 rero
703 2307 783 2378 clegit
803 2310 930 2379 plebeios,
947 2328 1087 2384 pauperes,
1103 2316 1178 2374 iudo}

386 2400 455 2453 ctos,
476 2392 631 2461 piscatores.
650 2395 745 2452 l'etrus
766 2400 893 2469 piscator,
913 2404 1058 2474 Cyprianus
1076 2418 1176 2466 orator.

387 2477 441 2532 h'isi
464 2479 577 2537 lldclitcr
596 2484 760 2552 prmccdcrct
773 2488 897 2557 piscator,
915 2506 967 2548 nou
982 2493 1117 2553 lmnrilitcr
1134 2514 1178 2556 se·

387 2578 513 2636 queretur
527 2582 628 2627 orator.
641 2571 699 2628 Non
716 2574 751 2632 de
765 2580 945 2650 nequisquam
962 2582 1086 2655 desperet
1102 2587 1176 2658 ahie·

386 2667 446 2711 ctus
460 2675 467 2712 :
483 2665 572 2715 teneat
590 2661 742 2732 Christum,
758 2673 787 2722 et
805 2682 867 2738 spes
884 2669 941 2740 ejus
960 2671 1025 2729 lalsa
1043 2690 1097 2731 non
1113 2677 1174 2747 erit,

388 2755 441 2799 ete.
456 2746 505 2818 (i).

420 2836 447 2891 3.
466 2836 535 2905 putu
555 2839 773 2914 nolebatSimou,
792 2847 843 2903 nisi
863 2849 965 2908 laudari
978 2852 1009 2909 in
1028 2854 1174 2929 miraculis,

383 2926 475 2981 extolli
493 2929 635 2999 superbia?
645 2931 703 3004 lpsa
716 2936 788 2992 enim
802 2953 863 2994 eum
875 2943 1011 3014 compulit,
1022 2957 1051 3002 ut
1061 2950 1173 3020 pacanda

383 3016 525 3072 emendum
536 3028 641 3090 putaret
652 3021 751 3079 donam
763 3025 876 3098 Spiritus
888 3033 972 3087 sancti
983 3034 1051 3105 (let.
1060 3051 1117 3103 rut,
1127 3038 1172 3106 ts,

381 3104 441 3175 ld).
451 3105 500 3162 cui
513 3109 645 3179 superbiae
658 3115 808 3171 contrarius
819 3119 974 3189 Apostolus,
985 3123 1011 3178 in
1025 3123 1173 3186 huutilitate

382 3196 524 3265 stanendo,
538 3197 564 3253 in
578 3201 689 3258 meridie
703 3203 809 3263 lerneus
823 3211 928 3279 spiritu,
940 3212 1043 3284 lnlpeus
1054 3217 1171 3287 pmdeu-

382 3287 430 3351 tta,
444 3287 509 3343 dicit
521 3306 528 3344 :
540 3289 630 3360 Neque
642 3295 684 3364 qtti
696 3297 794 3365 piarunt
812 3310 848 3354 est
861 3302 971 3372 aliquid,
989 3323 1068 3376 rreqae
1080 3311 1122 3379 qni
1135 3313 1171 3365 ri·

382 3385 445 3443 pat,·
458 3377 502 3431 sed
510 3380 555 3449 qni
566 3380 745 3438 irrerenrentarn
757 3387 800 3440 dat
811 3387 889 3444 Dens.
902 3392 967 3458 Quia
982 3395 1084 3452 dixerat
1096 3419 1103 3455 :
1115 3397 1170 3474 h'po

380 3463 508 3534 plantari,
525 3469 616 3539 Apollo
630 3472 740 3543 riparia·
753 3477 798 3530 sed
810 3476 881 3534 Dens
900 3482 1079 3542 incrementum
1102 3490 1170 3549 dedit

380 3554 403 3624 (l
415 3554 475 3611 Ger.
485 3573 523 3624 nt,
536 3561 562 3627 7,
574 3561 614 3632 d).
624 3562 657 3617 Et
669 3566 763 3622 iterum
776 3585 782 3621 :
795 3568 928 3644 Numquid
938 3573 1037 3633 Paulas
1046 3596 1092 3650 pro
1102 3582 1169 3641 nodis

383 3648 520 3717 manliana
534 3655 592 3708 esti
603 3664 648 3708 nat
661 3657 687 3711 in
701 3661 802 3716 nontirre
813 3660 891 3717 Perdi
904 3666 1023 3738 baptisati
1034 3673 1092 3727 estis
1105 3674 1168 3746 (id.

380 3749 399 3804 t,
416 3737 478 3811 lbi?
491 3740 557 3799 Vide
570 3747 703 3815 quomodo
722 3766 751 3806 sc
769 3753 820 3808 eali
840 3757 941 3827 respuit
953 3774 1002 3831 pro
1012 3761 1126 3832 Christo,
1141 3776 1168 3824 et

381 3845 433 3883 nun
452 3832 509 3888 vult
529 3849 559 3890 se
581 3837 719 3894 lurnicami
734 3843 829 3900 atrimae
848 3855 981 3906 ostentare
996 3867 1044 3922 pro
1057 3871 1165 3926 sponso.

268 3976 275 3987 ι
380 3919 472 3976 Nurum
485 3939 607 3995 maguum
621 3928 726 3986 ridetur
739 3932 858 4007 plantare
871 3946 898 3992 et
912 3939 1014 4010 rigare?
1023 3942 1075 4001 Sed
1090 3965 1168 4021 neque

378 4013 422 4080 qui
442 4013 539 4084 plantat
553 4028 589 4073 cst
611 4021 721 4092 aliqnid,
740 4041 819 4096 neqne
830 4028 874 4098 qui
888 4031 963 4101 ripat.
977 4034 1115 4102 Quomodo
1129 4040 1165 4097 tl-

379 4104 462 4159 muitl
474 4106 532 4162 Non
548 4124 577 4165 sc
591 4111 655 4167 dicit
669 4114 767 4185 aliquid
781 4117 815 4172 ad
829 4119 940 4177 salutem
953 4139 1046 4181 cortun
1058 4144 1124 4200 qnos
1138 4132 1164 4188 iu

375 4195 483 4253 Christo
494 4200 626 4259 nrttttcare
638 4206 762 4276 cupiebat
781 4209 828 4280 (ep.

412 4286 438 4340 l.
459 4287 512 4343 Nec
527 4290 583 4359 ipsc
598 4293 740 4363 Apostolus
752 4298 834 4353 voum
849 4300 874 4354 in
890 4305 993 4374 seponi
1011 4323 1100 4378 spem,
1116 4314 1163 4369 sed

378 4373 405 4429 in
420 4377 530 4434 rer-itate
542 4397 620 4451 quam
635 4387 817 4444 annuntiabat.
833 4391 908 4458 Quod
924 4410 972 4466 per
986 4398 1071 4470 ipsum
1088 4403 1162 4461 diee-

376 4466 630 4541 baturmclluserat,
639 4494 716 4547 quam
731 4480 787 4551 ipse
800 4499 848 4553 per
859 4501 938 4556 qucm
948 4493 1162 4554 annuntiabatur.

374 4556 443 4612 Licet
462 4562 485 4614 ri
505 4579 564 4627 nos,
583 4565 676 4636 inquit.
694 4569 790 4626 Parum
805 4585 860 4642 est,
877 4579 937 4634 audi
951 4584 1087 4653 'sequentia
1099 4604 1107 4642 :
1118 4599 1162 4643 nat

373 4649 488 4717 arrpelns.
499 4652 593 4722 iuquit,
605 4656 637 4710 de
646 4659 707 4713 coelo
717 4665 902 4722 arrnuntiarerit
910 4670 977 4727 troiia
988 4674 1086 4745 aliquid
1096 4694 1161 4748 prte-

374 4746 486 4801 terqnam
500 4742 568 4808 qnod
580 4746 721 4814 accepistis,
735 4752 868 4807 artathenra
881 4758 912 4810 sit
925 4758 1023 4827 (Galat.
1035 4781 1053 4832 t,
1065 4767 1104 4837 8).
1118 4767 1161 4824 Vi-

370 4825 451 4880 delmt
471 4842 550 4895 posse
571 4831 666 4888 falsum
688 4837 862 4897 mediatorem
881 4848 1067 4920 transllqurare
1085 4870 1115 4912 se
1133 4858 1159 4913 iu

369 4916 493 4986 angelum
515 4918 592 4987 lueis,
614 4931 642 4978 et
663 4925 762 4997 aliquid
784 4930 878 4987 laisum
900 4941 1068 4998 annuntiare.
1087 4945 1161 5005 Sicut

370 5023 436 5079 ergo
450 5012 556 5081 superbi
572 5013 692 5074 homines
704 5021 797 5078 nolunt
811 5038 840 5080 sc
850 5026 953 5084 adorari
969 5033 1094 5105 probeo,
1109 5039 1159 5096 sibi

289 5136 295 5146 .
369 5116 496 5174 arrogare
509 5106 636 5178 quidquid
653 5122 781 5182 possunt,
801 5129 831 5172 se
851 5121 996 5192 nominari,
1015 5135 1042 5181 et
1061 5129 1083 5183 si
1102 5130 1158 5189 lieri

368 5201 466 5262 potest,
477 5192 611 5254 christum
621 5201 706 5271 ipsum
717 5205 800 5276 gloria
812 5211 923 5268 transire
935 5231 942 5268 :
953 5213 988 5270 ita
1000 5216 1119 5277 diabolus
1130 5235 1158 5281 ct

368 5283 453 5352 angeli
473 5284 540 5354 eius.
559 5289 689 5348 Donatum
704 5294 848 5354 Donatista
862 5316 910 5371 pro
923 5303 1029 5362 Christo
1048 5309 1155 5371 habent.

366 5374 394 5431 st
419 5378 527 5435 audiant
550 5383 665 5454 aliquem
687 5404 818 5460 paganum
842 5394 1023 5457 detrahentem
1039 5404 1154 5477 Christo,

310 5504 317 5517 .,
366 5464 475 5523 lorsitan
485 5470 616 5539 patienter
628 5474 724 5547 lerant,
735 5496 813 5551 quam
823 5484 845 5540 si
856 5486 964 5544 audiant
973 5493 1154 5557 detrahentem

364 5552 467 5610 Donato
485 5560 536 5630 (d).
991 5580 1000 5597 ‘

398 5646 426 5702 5.
445 5648 511 5717 Qnia
533 5653 590 5725 ipse
603 5655 729 5716 Christus
743 5661 805 5736 loqu

393 5796 420 5913 {a
442 5804 991 5877 Kteotiemierm.‚ssdthetl‘ldntstdlctr.
1005 5845 1021 5881 1.

403 5856 418 5907 i
440 5865 472 5911 Ex
486 5866 573 5917 eodem
579 5882 664 5932 serm,
677 5874 738 5924 nato
751 5884 777 5927 et
787 5880 847 5931 tior.
859 5885 905 5934 adt
918 5894 970 5937 cur.
981 5905 1011 5942 m.

387 5916 419 6013 βο
441 5925 473 5971 Es
486 5926 572 5976 entem
583 5942 668 5993 serm..
681 5935 741 5985 neda

385 5980 427 6045 ,d)
436 5987 473 6034 ds
490 5990 577 6041 eadem
586 6004 673 6058 serm,
689 5996 750 6048 neda
762 6006 787 6052 et
799 6002 859 6057 tlor.
869 6007 899 6057 ad
909 6010 958 6060 Gal·
969 6026 999 6063 n.

754 5945 780 5988 et
790 5938 850 5991 flor.
863 5946 892 5994 ad
903 5946 950 5997 ml.
963 5964 979 5998 r.

1013 641 1038 698 S.
1060 641 1242 700 sustentet
1262 644 1412 707 seticum

1966 668 2036 726 tuat-

1242 771 1318 817 eeute
1329 763 1470 832 Apostolo,
1487 766 1525 819 rln
1540 770 1735 837 experimentum
1748 776 1861 846 marim
1874 779 1930 851 ejsa
1943 782 1989 850 qai
2000 785 2030 840 ira

1240 868 1280 905 nae
1293 854 1405 924 loqsittrr
1420 855 1534 913 Christus
1546 859 1556 930 (
1568 859 1589 914 ΙΙ
1602 860 1661 917 Cor.
1679 880 1736 932 sut,
1749 868 1800 939 5)?
1813 870 1847 926 m
1864 873 1929 928 lieet
1941 872 2027 944 ditat,

1241 942 1330 1015 h'eqne
1341 946 1385 1015 qni
1398 949 1495 1017 plantat
1508 960 1547 1004 eat
1561 951 1668 1023 aliquid,
1680 973 1760 1028 nequae
1772 961 1816 1030 qsi
1829 963 1896 1030 riqat
1903 979 1915 1029 ,·
1927 964 1975 1019 sed
1985 970 2029 1036 qai

1238 1033 1416 1090 increscentem
1428 1038 1471 1091 dat
1488 1037 1574 1105 beser
1589 1057 1641 1097 non
1656 1044 1717 1114 quia
1735 1062 1766 1102 se
1785 1049 1883 1119 ipsum,
1898 1051 1946 1108 sed
1965 1054 2028 1125 qnia

1238 1123 1313 1181 illum
1334 1126 1360 1182 in
1382 1143 1412 1184 se
1430 1128 1503 1201 diligi
1524 1131 1628 1188 nolebat
1641 1151 1649 1189 :
1664 1136 1785 1205 perhibet
1799 1148 1889 1196 tauma
1905 1144 2028 1223 testimo-

1238 1213 1310 1268 nium
1326 1217 1494 1285 quibusdam,
1508 1218 1611 1289 diceus,
1626 1221 1692 1288 Quia
1704 1225 1769 1280 sicin
1782 1230 1902 1298 arrqetunt
1914 1230 1966 1286 liei
1978 1250 2025 1289 es·

1237 1303 1337 1371 cepistis
1354 1321 1402 1370 rate,
1415 1305 1478 1360 sieut
1491 1305 1621 1364 Christum
1636 1310 1747 1386 imam(
1762 1315 1847 1371 Galat.
1863 1333 1900 1389 tr,
1915 1322 1951 1377 li
1961 1321 1985 1395 ).
1998 1323 2027 1381 la

1236 1392 1361 1448 onrrribus
1376 1410 1440 1463 ergo
1453 1398 1551 1453 sanetis
1566 1399 1621 1456 suis
1634 1401 1692 1471 ipse
1705 1413 1747 1459 est
1757 1407 1898 1476 amanda«,
1910 1412 1957 1481 qui
1969 1412 2027 1472 ait.-

1237 1478 1347 1548 lt'sttrici,
1362 1492 1385 1537 et
1398 1485 1501 1542 dedistis
1514 1489 1575 1542 milti
1588 1493 1740 1550 ntandttsare
1751 1495 1761 1566 (
1773 1495 1866 1553 narrt.
1879 1516 1942 1570 aas,
1956 1503 2022 1575 35).

1235 1569 1292 1624 Non
1313 1574 1384 1628 enim
1405 1575 1453 1641 ait,
1477 1577 1590 1634 Dedistis
1613 1581 1665 1638 illis
1691 1603 1697 1638 :
1724 1587 1789 1657 sed,
1810 1589 1922 1648 amaru
1949 1597 2023 1655 aad.

1234 1660 1317 1717 Tanta
1332 1674 1373 1718 est
1385 1664 1500 1723 charitas
1511 1670 1606 1740 eapitis
1616 1687 1679 1744 erga
1691 1690 1787 1746 coaptas
1800 1694 1879 1736 saum
1899 1683 1958 1754 issi!

1269 1750 1296 1805 d.
1316 1751 1385 1818 Quid
1406 1764 1447 1810 est
1461 1754 1553 1813 iuno?
1566 1757 1645 1828 iutro,
1668 1764 1800 1835 inquinat,
1821 1779 1864 1826 est
1888 1787 1948 1828 aer.
1962 1774 2021 1835 tan

1233 1838 1333 1896 dudum
1348 1843 1474 1900 inritabat
1486 1857 1514 1902 ut
1528 1864 1601 1905 mare
1610 1851 1760 1910 coleremus
1771 1857 1798 1912 in
1809 1859 1957 1920 simulacro
1971 1867 2020 1923 tet·

1233 1930 1298 1986 luris
1311 1950 1318 1985 :
1329 1949 1398 1989 nune
1414 1936 1506 1992 imitat
1519 1948 1546 1993 ut
1560 1956 1650 1998 aerem
1663 1944 1791 2003 colamus.
1805 1949 1944 2008 Elementa
1959 1964 2020 2014 sant

1233 2021 1291 2087 ista,
1307 2025 1401 2094 quibus
1418 2028 1532 2084 mundns
1550 2031 1601 2088 iste
1618 2035 1749 2091 consistit.
1765 2037 1821 2095 lloe
1834 2054 1899 2113 erqo
1913 2056 2019 2114 sposto-
2039 2088 2043 2097 .

1232 2113 1273 2168 lus
1285 2114 1381 2172 Paulus
1395 2119 1421 2173 in
1437 2120 1555 2191 Epistola
1567 2140 1613 2179 sna
1627 2141 1778 2199 proponens
1789 2148 1797 2185 ε
1807 2131 1908 2202 Gasete,
1923 2138 2017 2209 inquit,

1231 2222 1263 2261 ne
1272 2208 1329 2276 qsis
1339 2224 1383 2263 sos
1395 2211 1504 2281 decipiat
1517 2231 1562 2286 per
1576 2217 1761 2290 philosophiam
1778 2232 1803 2278 et
1819 2226 1922 2282 manem
1940 2231 2018 2300 scih·

1230 2298 1305 2364 ciana
1321 2301 1456 2356 eceman
1469 2304 1590 2361 elementa
1605 2311 1692 2364 mandi
1705 2312 1782 2382 hsjas
1795 2313 1805 2385 (
1817 2315 1915 2372 Calata
1928 2335 1957 2385 u,
1970 2320 2016 2392 8).

1230 2387 1304 2458 ipsos
1315 2392 1386 2446 cuim
1400 2395 1531 2465 tangebat,
1546 2397 1590 2468 qui
1604 2402 1678 2471 quasi
1693 2404 1865 2472 pmdeutibus
1883 2408 1955 2465 idola
1969 2427 2016 2467 ex·

1230 2490 1340 2547 pormm.
1364 2482 1426 2539 idco
1448 2500 1508 2540 eum
1530 2487 1630 2546 diceret
1650 2493 1855 2565 prunorum,-
1873 2499 1900 2555 iu
1921 2501 2014 2559 sede·

1229 2568 1502 2639 torneamentum
1518 2580 1639 2635 elerraenta
1656 2584 1733 2654 liujus
1750 2589 1855 2644 mnndi:
1871 2605 1926 2646 nott
1940 2592 2013 2665 qud

1227 2660 1434 2735 qualescumque
1457 2667 1610 2728 adoratores
1635 2674 1847 2745 simulacrorum,
1869 2682 1918 2739 sed
1940 2686 2013 2757 quasi

1227 2750 1361 2810 doctiores
1387 2757 1604 2830 interpretatores
1632 2765 1768 2838 signorum
1794 2773 1930 2832 careamus
1955 2790 2013 2837 eata

1226 2842 1381 2901 admonens.

1447 2938 1562 2999 sumto
1578 2943 1704 3003 exctttl
1717 2952 1725 2972 ⁰
1738 2950 1789 3021 (i).

1457 3072 1608 3125 bemlenlls
1615 3079 1739 3142 animus,
1754 3094 1780 3132 a.

1262 3187 1288 3241 l.
1308 3187 1463 3249 Solemnitas
1481 3190 1649 3251 Calendarum
1666 3198 1862 3262 densarinrsnt.
1879 3208 2008 3268 tunnas·

1223 3291 1283 3351 rrrrrs
1296 3278 1456 3336 charitatem
1469 3292 1593 3351 rostram,
1610 3285 1720 3359 iratres,
1735 3295 1860 3362 quoniam
1876 3313 1924 3354 ros
1935 3302 2005 3372 qaas·

1222 3369 1378 3427 solemniter
1388 3371 1469 3430 hodie
1482 3377 1638 3434 courenisse
1650 3384 1839 3454 conspicimus,
1854 3391 1927 3447 etad
1941 3393 2006 3449 hunc

1222 3461 1293 3516 diem
1314 3463 1394 3519 solito
1410 3463 1574 3537 frequentius
1588 3484 1779 3545 eorrqregatos;
1793 3489 1825 3534 ut
1837 3485 2004 3543 memineritis

1222 3549 1292 3620 quod
1307 3551 1387 3607 modo
1399 3557 1536 3625 sanastis,
1553 3574 1586 3615 ne
1600 3561 1635 3616 sit
1647 3563 1734 3635 linqua
1747 3577 1920 3641 perstrepens
1930 3575 2003 3631 mite

1221 3649 1313 3708 nruto;
1326 3642 1373 3698 sed
1386 3645 1457 3714 quod
1470 3649 1597 3706 sonuistis
1605 3668 1671 3710 noce
1688 3656 1721 3710 ad
1739 3671 1818 3714 aures
1832 3661 1945 3719 invicem
1962 3679 2002 3722 re

1220 3738 1301 3797 stras,
1313 3731 1433 3789 clametis
1447 3736 1543 3793 allecta
1556 3739 1590 3795 ad
1604 3756 1681 3799 arares
1692 3744 1747 3799 liei.
1761 3746 1817 3804 lloc
1829 3751 1901 3806 enim
1916 3762 2000 3809 canu·

1220 3817 1290 3874 batis
1301 3838 1309 3875 a
1321 3819 1464 3891 Saleantes,
1475 3824 1583 3882 Dosnine
1596 3829 1664 3885 Dens
1676 3843 1767 3900 nomm,
1780 3853 1908 3912 rorrqrspa
1919 3859 1963 3897 aas
1971 3843 1999 3900 ds

1220 3911 1349 3982 Gentiiss,
1364 3926 1391 3970 at
1404 3919 1568 3988 confiteantur
1580 3925 1674 3979 nonrini
1691 3938 1778 3983 cerreto
1791 3938 1836 3985 trra
1853 3934 1864 4004 (
1878 3933 1949 3989 Paul.
1961 3950 1998 4002 ct,

1218 4002 1275 4075 di).
1287 4004 1320 4059 Et
1332 4006 1413 4066 modo
1426 4008 1449 4063 si
1464 4010 1618 4067 solemnitas
1631 4013 1764 4085 Gentium,
1780 4037 1841 4090 quae
1856 4023 1887 4078 lit
1900 4024 1997 4081 hodier-

1218 4108 1253 4148 no
1266 4093 1310 4151 die
1323 4095 1350 4152 in
1369 4097 1459 4153 laetitia
1477 4104 1565 4157 sacculi
1580 4113 1659 4176 atque
1670 4111 1779 4178 carnali,
1794 4112 1820 4166 in
1835 4117 1947 4186 strepitu
1959 4133 1998 4173 ra-

1217 4185 1385 4242 nissimarum
1398 4198 1424 4244 et
1439 4192 1651 4262 turpissimamrn
1662 4201 1825 4268 cantionum,
1838 4206 1864 4261 in
1877 4209 1996 4266 eontiriit

1217 4286 1246 4334 et
1259 4277 1442 4337 saltationibus
1457 4284 1586 4356 turpibus,
1601 4287 1627 4342 iu
1641 4290 1819 4351 celebratione
1833 4296 1917 4368 ipsius
1930 4300 1996 4356 taba

1217 4368 1376 4435 festivitatis,
1388 4372 1410 4426 si
1422 4388 1452 4427 ea
1465 4390 1524 4445 qum
1534 4389 1615 4449 agitat
1624 4379 1724 4438 Gentes
1735 4400 1787 4441 non
1798 4402 1847 4444 ros
1858 4388 1994 4458 delectent,

1215 4446 1438 4529 congregabimini
1452 4476 1484 4518 er
1497 4463 1632 4524 Gentibus.

1251 4548 1279 4601 2.
1300 4547 1433 4621 Separatio
1450 4563 1536 4608 nostra
1553 4572 1569 4610 a
1583 4556 1701 4615 Gentibus
1713 4561 1859 4621 Christiana
1871 4569 1932 4638 fide,
1945 4584 1993 4638 ape,

1215 4649 1239 4694 et
1261 4639 1392 4696 charitate.
1410 4641 1462 4699 vos
1483 4655 1556 4701 certe
1576 4651 1737 4718 cantaristis,
1758 4662 1785 4709 et
1807 4656 1897 4714 adhuc
1921 4659 1993 4715 mnat

1214 4733 1310 4788 cantici
1318 4749 1399 4790 sonus
1412 4749 1506 4792 recetrs
1520 4746 1560 4793 est
1572 4739 1599 4795 in
1611 4741 1717 4797 auribus
1730 4746 1837 4814 nestris,
1851 4748 1931 4804 Sales
1943 4764 1992 4814 aas,

1214 4820 1323 4879 Dontine
1336 4824 1404 4881 licata
1417 4837 1510 4896 norm,
1523 4838 1547 4882 et
1560 4846 1684 4903 eottprepa
1695 4851 1740 4890 noa
1749 4837 1781 4890 de
1791 4836 1922 4897 Gentibus.
1936 4841 1993 4910 Οὺ

1213 4920 1302 4980 potest
1320 4916 1473 4986 congregari
1491 4915 1525 4972 tle
1541 4917 1679 4991 Gentibus,
1695 4923 1744 4979 nisi
1763 4941 1826 4983 eum
1849 4929 1880 4985 lit
1896 4931 1993 4986 salensi

1213 5001 1263 5070 Qui
1277 5019 1341 5075 erqo
1354 5005 1500 5062 miscentur
1513 5007 1650 5077 Gentibus,
1663 5012 1729 5068 salsi
1743 5031 1795 5072 non
1807 5028 1885 5087 suut;
1898 5023 1993 5077 salian·

1212 5100 1255 5146 tnr
1267 5102 1355 5149 autem
1369 5095 1415 5165 qui
1429 5107 1624 5168 oorqreqaatur
1634 5101 1667 5157 tle
1676 5102 1816 5173 Gentibus,
1826 5110 1915 5168 salute
1927 5111 1990 5177 nde,

1210 5181 1296 5238 salute
1319 5185 1387 5254 spei,
1412 5186 1498 5242 salute
1522 5190 1711 5248 sincerissime
1734 5195 1891 5269 charitatis,
1915 5203 1991 5260 salute

1210 5272 1359 5343 spirituali,
1381 5277 1465 5333 saltate
1478 5278 1669 5349 promissorum
1689 5283 1745 5341 bet.
1759 5287 1810 5355 Qui
1824 5306 1890 5362 ergo
1903 5293 1989 5358 eredit,

1208 5373 1313 5434 sperat,
1333 5376 1360 5420 et
1379 5377 1461 5436 amat,
1478 5385 1530 5425 non
1546 5374 1672 5431 continuo
1690 5377 1781 5434 saltus
1799 5381 1930 5442 dicendus
1945 5394 1988 5441 eat.

1208 5452 1322 5510 interest
1332 5459 1402 5512 euim
1417 5460 1479 5528 quid
1493 5462 1593 5530 eredat,
1608 5465 1670 5534 quid
1684 5478 1785 5537 speret,
1799 5480 1828 5527 et
1840 5474 1904 5544 quid
1916 5483 1987 5530 stad.

1206 5542 1292 5599 Nemo
1300 5547 1398 5617 quippe
1408 5550 1470 5604 tivit
1483 5551 1509 5605 in
1523 5567 1689 5626 quacumque
1698 5558 1761 5623 rita,
1772 5560 1832 5618 siue
1844 5563 1929 5621 tribas
1940 5563 1988 5620 istit

1206 5635 1301 5690 auium·
1322 5637 1514 5707 allectionibus,
1531 5643 1668 5711 credendi,
1686 5650 1822 5721 sperandi,
1837 5646 1986 5712 ennodi-Si

1206 5739 1259 5780 uon
1283 5727 1371 5783 eredis
1392 5731 1464 5800 quod
1485 5733 1720 5805 ereduntGeutes,
1738 5755 1791 5797 uon
1812 5759 1906 5816 speras
1925 5742 1984 5819 qaod

1238 5881 1246 5898 ⁶
1258 5888 1397 5935 §emmena
1408 5886 1472 5938 huuc
1482 5889 1507 5940 iu
1519 5893 1687 5954 nmrrsetptb
1695 5892 1783 5947 tutan
1793 5899 1952 5963 quadrien

1236 5963 1260 6021 (n
1284 5965 1826 6033 reomensemraometnomutntm
1843 5995 1871 6034 a.

1234 6024 1261 6080 (lt
1286 6024 1355 6087 allas,
1369 6041 1399 6078 es
1411 6031 1611 6086 sirmondianis.
