4759 6684
393 570 462 628 llil

390 687 454 742 tatis
466 692 508 740 cst
520 684 600 753 ielis,
617 697 648 742 et
661 684 792 741 teltettatts
806 684 905 742 iulelir.
922 686 1085 758 dbjiciamtts
1108 685 1180 752 uae,

388 788 417 834 et
433 777 477 833 uel
490 776 625 833 rideamus
638 779 699 849 quia
720 777 785 833 ialsa
806 787 885 846 sunt,
906 778 950 834 uel
970 777 1109 834 doleamus
1121 776 1182 848 quia

389 884 484 942 magna
507 871 702 926 existimantur.
723 870 792 927 Sunt
814 870 885 927 enirn
907 869 975 939 ista,
1000 868 1096 924 iratres
1109 867 1180 934 mei,

388 978 483 1035 magna
496 979 650 1035 magnorum
665 962 839 1018 deliramenta
849 961 998 1017 doctorum.
1010 959 1115 1029 Quanto
1129 973 1182 1015 ote·

388 1054 440 1112 lius
452 1065 577 1111 tenemus
590 1069 683 1127 magua
704 1068 859 1125 magnorum
886 1060 1052 1108 sacramenta
1073 1058 1181 1106 saneto·

386 1146 468 1204 sumt
479 1146 579 1202 Amore
591 1160 732 1215 corporum
745 1144 839 1200 dicunt
859 1143 948 1200 redire
967 1143 1071 1199 animas
1084 1155 1181 1214 pur-qa-

388 1250 445 1305 tas,
465 1237 621 1305 mundatas,
643 1235 792 1307 sapientes,
815 1242 942 1307 parratas
962 1234 1065 1289 ouirnas
1086 1248 1179 1289 armore

385 1347 527 1403 corporum
541 1331 630 1387 redire
644 1330 677 1386 ad
691 1344 813 1401 corpora.
825 1326 899 1401 Ergo
912 1328 1000 1384 anima
1012 1334 1124 1401 purgata
1139 1327 1179 1384 sic

384 1427 474 1483 aurat?
487 1425 580 1482 Nonne
592 1439 668 1480 amor
681 1424 731 1481 iste
743 1438 846 1496 magnae
860 1431 922 1480 sont
933 1420 1045 1480 sordes!

419 1518 534 1575 curbi
553 1516 609 1574 Vll.
624 1518 698 1572 -'l.
714 1515 852 1588 Porpqurii
865 1514 987 1571 ιειιιιιιιῐιι
1001 1514 1033 1571 dc
1056 1513 1178 1586 feriendo

384 1612 453 1667 eunti
463 1627 577 1682 corpore.
594 1609 735 1680 Resciditne.
750 1608 805 1665 Sed
819 1622 916 1680 corpus
928 1616 971 1665 est
982 1622 1062 1664 omne
1074 1604 1177 1679 optur-

383 1700 457 1755 ilnm.
479 1699 587 1770 llaqnus
601 1714 693 1754 coruru
706 1696 880 1771 plrilosepltus
891 1696 1024 1770 posterius
1037 1698 1044 1729 ¹
1056 1697 1176 1769 rurptry-

383 1794 455 1858 rius,
475 1792 534 1847 bdei
553 1791 706 1847 clrristianae
724 1793 869 1847 acerrinurs
890 1790 1031 1856 inimicus,
1053 1792 1098 1863 qui
1119 1791 1178 1862 jam

381 1884 535 1940 christianis
550 1884 713 1954 temporibus
726 1885 792 1952 lult;
805 1885 853 1941 sed
867 1893 957 1941 tamur
976 1885 1011 1940 ab
1025 1884 1090 1955 ipsis
1103 1884 1173 1941 dcli-

382 1974 510 2031 ramcntis
531 1974 728 2041 erubescendo,
756 1990 771 2031 a
784 1974 941 2032 Christianis
954 1977 1084 2047 exaliqua
1100 1986 1175 2048 parte

381 2073 535 2136 correptus,
561 2065 642 2134 dixit,
667 2066 792 2138 scripsit:
806 2066 909 2138 Corpus
920 2075 963 2124 est
976 2081 1056 2124 onrne
1070 2067 1173 2139 lugien-

380 2159 455 2214 dom.
468 2158 554 2215 Ounno
568 2159 650 2227 dixit,
665 2161 741 2229 quasi
755 2175 835 2216 omne
846 2175 944 2231 eorpus
957 2159 1091 2216 uinculum
1103 2177 1173 2217 reru·

381 2264 504 2307 terrosum
519 2250 555 2306 sit
575 2250 670 2306 arrianae
685 2251 733 2323 (n).
750 2251 784 2306 m
797 2267 905 2321 prorsus
927 2253 949 2307 si
971 2250 1067 2323 corpus
1080 2255 1172 2325 quale·

379 2356 494 2414 murisque
508 2351 549 2403 est
561 2343 728 2415 fugiendum,
744 2360 797 2399 non
810 2355 851 2400 εει
861 2342 993 2401 utlaudcs
1002 2346 1027 2401 ei
1037 2361 1133 2417 eorpus
1147 2348 1169 2414 ¹,

379 2435 493 2491 etdieas
517 2434 651 2505 quomodo
667 2435 721 2490 [leo
744 2435 856 2491 docente
878 2435 947 2491 lldes
968 2445 1059 2492 nostra
1081 2436 1172 2493 laudat

379 2540 477 2596 corpus
493 2543 500 2579 :
515 2526 577 2596 quia
588 2536 615 2582 et
628 2541 725 2598 corpus
737 2527 808 2598 quod
825 2526 905 2583 modo
917 2528 1062 2594 babemus,
1077 2544 1171 2600 quam-

379 2616 420 2673 sis
437 2616 583 2673 babeamus
605 2618 667 2673 binc
689 2633 794 2690 prunam
819 2618 852 2675 de
876 2629 999 2690 peceato,
1024 2629 1052 2676 ει
1074 2635 1170 2692 eorpus

378 2708 449 2779 quod
461 2710 657 2780 corrumpitur,
680 2718 804 2782 aggravet
818 2710 933 2765 animam
956 2711 1031 2783 (Sep.
1048 2727 1088 2779 nr,
1110 2711 1168 2783 l5);

378 2808 469 2854 tamen
483 2799 563 2854 babet
576 2814 673 2870 corpus
691 2801 761 2856 istud
774 2802 892 2872 speciem
907 2817 1002 2869 suam,
1018 2804 1170 2875 dispositio-

377 2906 440 2945 uem
460 2891 659 2959 membrorum,
685 2892 882 2949 distinctionem
894 2908 1034 2958 sensuum,
1051 2905 1168 2951 erectam

376 2991 517 3051 staturam,
531 2992 559 3040 ει
571 2993 667 3041 ειειειιι
680 3001 739 3056 quos
759 2985 827 3041 bene
840 2986 1039 3044 considerantes
1050 2997 1167 3058 stupent.

377 3070 567 3132 Verruntamen
579 3077 644 3133 illud
656 3079 765 3134 omniuo
778 3079 988 3149 incorruptibile,
999 3079 1109 3136 omnino
1119 3081 1169 3136 irn-

376 3170 506 3234 rnortalc,
528 3171 638 3226 omnino
656 3172 690 3226 ad
710 3173 870 3229 monendum
891 3173 959 3244 agile
971 3182 998 3230 ει
1011 3173 1088 3230 iacile
1104 3175 1166 3231 erit.

373 3258 427 3316 Seu
441 3261 478 3315 ait
495 3262 658 3334 Porphyrius
673 3281 680 3317 ι
694 3262 759 3320 Sine
769 3279 849 3320 causa
866 3265 929 3320 mibi
943 3265 1035 3322 trudas
1049 3280 1165 3337 corpus;

373 3351 567 3422 qualecumque
579 3353 613 3408 sit
629 3368 746 3423 corpus,
771 3354 793 3409 si
806 3354 862 3410 nult
880 3370 940 3410 esse
961 3355 1039 3411 beata
1058 3357 1165 3424 anima,

372 3454 472 3511 corpus
484 3450 525 3495 est
544 3457 623 3497 onrne
638 3441 802 3514 fugiendum.
814 3444 869 3499 lloc
879 3443 971 3500 dicunt
991 3445 1142 3518 philosophi
1157 3465 1165 3505 a

371 3530 421 3587 sed
440 3541 548 3599 errant,
573 3533 621 3588 sed
645 3533 769 3590 delirant.
792 3535 850 3592 Cito
872 3536 956 3608 probo
970 3556 977 3593 ε
993 3539 1054 3594 nolo
1067 3540 1166 3598 diutius

371 3620 527 3693 disputare;
542 3624 602 3694 quia
619 3624 662 3679 illa
676 3641 734 3697 quac
749 3626 890 3696 predicata
911 3637 954 3684 εει
972 3628 1053 3686 debet
1066 3631 1166 3687 lraberc

371 3710 517 3768 subditum.
532 3713 589 3769 buo
602 3715 672 3769 enirn
686 3716 868 3773 suntinricem
883 3718 933 3773 sibi
944 3733 1080 3787 connexa,
1094 3736 1164 3791 prm·

371 3802 459 3858 dicata
474 3813 501 3859 et
515 3805 629 3861 subdita.
653 3806 765 3877 Superat
778 3810 867 3866 omunia
891 3812 980 3866 Deus:
997 3812 1058 3866 bnic
1070 3823 1164 3868 crancta

372 3903 435 3949 strut
456 3895 570 3950 subdita.
593 3897 627 3951 Et
641 3898 729 3952 artiora
751 3900 773 3954 si
789 3899 870 3955 babet
892 3901 1008 3970 aliquem
1033 3900 1163 3958 honorem

372 3984 443 4055 apud
455 3985 550 4053 berum,
566 3987 646 4042 debet
657 3988 755 4044 lraberc
764 3990 861 4061 aliquid
876 3991 1022 4046 subditum.
1036 3991 1089 4048 Sed
1102 3993 1164 4048 nolo

371 4073 436 4129 lrinc
446 4074 545 4131 diutius
559 4076 710 4148 disputare,
727 4078 809 4135 libros
823 4089 927 4136 vestros
942 4082 1001 4153 loqu
1016 4101 1022 4137 :
1037 4084 1163 4140 mundum

371 4166 451 4222 istum
464 4170 561 4224 animal
574 4169 673 4235 dicitis,
690 4171 714 4225 id
730 4181 787 4239 εει,
803 4175 918 4240 eoelum,
937 4182 1053 4243 terrant,
1068 4178 1162 4248 maria,

370 4260 460 4314 omnia
474 4276 534 4330 qum
554 4271 616 4317 ειιιιι
628 4264 743 4334 ingentia
764 4280 893 4336 corpora,
916 4267 1044 4324 immensa
1063 4285 1162 4342 usque-

369 4364 475 4420 quaque
493 4352 642 4421 clernenta;
659 4362 742 4410 totum
755 4364 820 4424 uoc,
833 4358 1038 4430 rrrrivcrsumque
1053 4376 1160 4432 empne,

369 4442 441 4513 quud
455 4459 486 4498 er
501 4443 544 4499 lris
563 4447 702 4504 clementis
716 4450 839 4506 omuibus
852 4460 971 4517 constat,
994 4454 1082 4509 dicitis
1103 4471 1162 4512 esse

369 4534 468 4589 animal
490 4553 632 4607 maguum,
651 4540 744 4607 idest,
761 4542 859 4599 babere
871 4545 986 4601 aninram
1008 4562 1100 4615 strant,
1115 4551 1161 4604 scil

367 4638 466 4680 seruus
485 4629 605 4698 corporis
625 4645 678 4686 non
694 4632 805 4698 lralrere;
830 4635 891 4705 quia
913 4637 1077 4694 extrinsecus
1097 4640 1162 4695 nibil

368 4719 494 4787 estquod
509 4721 600 4776 sentiri
623 4724 707 4792 possit
721 4743 727 4778 :
742 4724 840 4782 lralrere
865 4737 952 4783 mmcn
977 4729 1161 4802 intellectum,

368 4802 472 4863 inurere
487 4809 541 4865 [leo
553 4830 559 4866 :
573 4822 600 4867 ct
610 4813 693 4883 ipsam
704 4817 819 4871 animam
835 4819 926 4875 rrrrtudi
941 4822 1029 4877 uocari
1048 4823 1160 4892 Jotcm,

367 4899 412 4954 uel
426 4902 515 4956 vocari
535 4902 675 4971 lleeatem,
692 4907 716 4960 id
735 4916 790 4975 cst,
807 4910 882 4978 quasi
893 4912 1009 4968 animam
1025 4916 1162 4972 uniuersa-

366 4986 421 5043 lcm
436 4990 564 5046 mundum
587 5005 742 5064 regentem,
766 5005 793 5052 et
812 5015 894 5055 rrnum
917 5002 1049 5070 quoddam
1063 5006 1161 5061 animal

366 5078 518 5136 iacientem.
544 5082 728 5154 Eurndemque
755 5087 883 5144 mundum
897 5099 1025 5147 aeternnm
1048 5109 1108 5152 esse
1122 5097 1162 5151 di-

365 5169 446 5235 eitis,
476 5185 583 5241 semper
599 5172 737 5239 iuturorn,
763 5176 842 5233 frtrem
868 5195 920 5234 non
945 5181 1107 5240 babituram.
1133 5187 1161 5244 Si

366 5278 432 5334 erqo
444 5273 560 5320 aeternus
572 5275 614 5321 cst
625 5268 759 5336 mundns,
783 5281 810 5325 ct
824 5272 884 5327 sinc
906 5272 959 5329 linc
973 5285 1062 5333 manet
1085 5294 1163 5335 mun·

366 5352 432 5419 dus,
448 5357 583 5411 etauinral
597 5365 639 5412 est
652 5359 783 5427 mundus;
803 5362 890 5418 anima
904 5364 953 5420 ista
970 5382 1076 5439 semper
1086 5377 1161 5426 tcne-

366 5452 410 5499 tur
429 5446 456 5500 in
472 5448 572 5503 mrrndo
587 5459 679 5506 :certo
702 5467 799 5524 cerpus
824 5463 865 5511 cst
888 5471 969 5514 omne
990 5458 1163 5533 fugiendum?

364 5535 436 5604 Quid
452 5539 574 5610 estquod
589 5541 713 5610 dicebas,
730 5542 832 5615 Corpus
845 5554 886 5602 est
897 5563 976 5605 ourrre
990 5551 1163 5623 sopiendum?

367 5628 424 5700 Ego
438 5629 498 5685 dico
511 5631 602 5687 beatas
617 5636 719 5691 animas
734 5637 945 5708 incorruptibilia
958 5650 1069 5715 corpora
1092 5662 1162 5704 sem-

397 5742 406 5775 Ι
419 5743 502 5803 abesa,
511 5743 638 5808 posterius,
650 5748 681 5797 ab
690 5755 727 5799 Fr.
741 5750 814 5814 lugd.
827 5758 887 5801 teu.
900 5759 955 5803 lor.
987 5762 1016 5806 tr.

396 5804 408 5835 ¹
419 5810 456 5853 ur.
466 5806 539 5868 togd.
554 5814 580 5857 et
592 5816 661 5869 ten,
672 5817 699 5860 rt
708 5824 807 5874 prorsus
817 5813 838 5863 si
847 5826 934 5877 corpus
944 5816 1116 5884 qualecumque
1127 5830 1163 5874 est

363 5862 516 5936 subendam,
537 5880 584 5919 nott
594 5877 630 5921 est
642 5878 665 5923 ιιι
683 5871 767 5924 lottdca
777 5873 830 5938 ejus
844 5888 939 5940 corpor.
957 5885 1022 5942 t.ov.,
1034 5891 1125 5935 trenest
1136 5892 1162 5936 ut

364 5926 594 5994 lrrudeaetcorprrs.
628 5939 656 5980 ut.

395 5988 433 6052 (a)
447 5990 504 6042 title
516 5990 548 6043 de
557 5992 656 6044 tiritatc
669 5993 710 6045 ttei
723 5996 765 6045 lib.
778 5995 818 6060 22,
830 6011 882 6062 cap.
896 5998 934 6051 26.

1098 568 1214 624 suttlto
1233 566 1355 625 textu.

1960 590 2029 645 ltsu

1239 699 1286 753 per
1299 683 1446 741 babituros.
1460 687 1499 743 To
1513 689 1557 759 qui
1570 689 1647 757 dieis,
1667 690 1771 765 Corpus
1784 707 1823 752 cst
1834 714 1914 757 orrtne
1929 705 2031 775 lugient-

1237 772 1314 845 dum,
1328 777 1422 834 occide
1435 779 1577 837 muudum.
1597 782 1638 839 'iu
1649 783 1718 841 dicis
1737 796 1767 842 nt
1790 789 1887 860 iuqiam
1902 794 2029 853 decarne

1236 881 1295 922 mea
1311 885 1319 922 :
1332 867 1414 939 toqiu
1424 869 1530 940 Jupiter
1547 880 1608 930 tuus
1620 874 1654 930 de
1665 877 1736 933 coslo
1747 887 1776 932 ct
1788 890 1869 937 terra.

1269 957 1382 1016 CAPUT
1401 960 1468 1016 tttl.
1482 991 1520 1004 —
1531 963 1559 1019 8.
1580 965 1690 1021 ilarraut
1700 985 1734 1024 sa
1746 968 1863 1027 Platonis
1875 974 1954 1032 uerbis
1965 994 2027 1032 corr-

1233 1051 1340 1120 fetstrrr.
1361 1049 1431 1120 Quid
1456 1053 1526 1123 qood
1549 1054 1698 1113 inseruimus
1721 1060 1846 1116 errrnderu
1871 1062 2028 1132 llatormnr,

1232 1141 1387 1212 nagistrum
1408 1144 1521 1201 ἱειιιιιιιιι
1547 1149 1682 1215 omnium,
1698 1150 1725 1207 iu
1745 1152 1814 1209 libro
1836 1156 1950 1224 quodam
1978 1176 2028 1217 suu

1232 1245 1311 1299 quem
1323 1234 1430 1304 mipsit
1440 1234 1476 1292 de
1488 1237 1677 1294 constitutione
1685 1242 1788 1309 mundi,
1801 1244 1928 1303 inducere
1943 1250 2026 1306 ileum

1232 1318 1415 1379 iabrlcatorcrn
1430 1324 1560 1394 deerrare,
1575 1328 1716 1386 beiernem
1742 1334 1845 1391 scilieet
1866 1337 1931 1393 dem
1946 1343 2027 1397 mele-

1230 1420 1302 1483 ttes,
1330 1415 1420 1472 stellas
1442 1434 1559 1488 amnes,
1581 1422 1665 1477 solem
1680 1432 1708 1479 ct
1730 1425 1843 1483 lunam?
1872 1431 1939 1487 llicit
1961 1451 2027 1505 unqu

1231 1505 1313 1562 butue
1327 1508 1449 1578 opilleem
1462 1511 1575 1568 deorum
1589 1515 1737 1572 eoelestium
1750 1539 1757 1574 :
1770 1520 1834 1577 dicit
1848 1522 1920 1593 ipsas
1933 1530 2027 1586 stellas

1229 1596 1329 1656 babere
1341 1601 1446 1658 animas
1454 1603 1648 1663 intellectuales
1659 1649 1667 1675 ,
1679 1624 1740 1681 qua
1760 1613 1910 1687 intelligunt
1922 1621 2024 1692 Derim,

1228 1698 1258 1745 et
1270 1705 1384 1762 eorprrra
1398 1695 1515 1752 risibilia·
1525 1713 1585 1769 qne
1605 1712 1761 1760 comantur.
1777 1705 1859 1774 bien,
1875 1718 1905 1765 ut
1926 1712 2023 1768 intelli·

1227 1782 1316 1853 gatis:
1330 1784 1377 1841 Sol
1402 1785 1452 1842 iste
1473 1803 1554 1857 quera
1579 1790 1694 1864 ridetis,
1715 1810 1769 1851 notu
1792 1798 1945 1870 rideretur,
1971 1805 2023 1861 nisi

1227 1884 1326 1943 eorpus
1337 1884 1408 1931 esset
1423 1893 1430 1929 :
1444 1875 1496 1933 boc
1509 1894 1602 1935 rerum
1615 1891 1665 1938 εει.
1680 1882 1765 1941 Stella
1777 1887 1829 1942 olla
1844 1891 1884 1946 rel
1894 1891 1956 1946 luna
1968 1910 2023 1951 ιιιιιι

1227 1962 1378 2035 rideretur,
1392 1968 1445 2024 nisi
1460 1984 1558 2042 corpus
1576 1985 1648 2029 esset
1660 1993 1667 2029 ε
1681 1990 1774 2033 rerunt
1784 1979 1861 2037 dicit.
1881 1983 1944 2039 iden
1958 1986 2023 2042 elicit

1226 2064 1254 2107 et
1271 2055 1430 2127 Apostolus:
1444 2059 1474 2113 Et
1484 2077 1591 2130 turpem
1601 2066 1718 2133 micetio,
1730 2078 1757 2123 et
1767 2086 1873 2141 carpere
1882 2079 2021 2132 terrestria.

1226 2142 1259 2198 Et
1271 2146 1392 2215 sequitur
1406 2165 1414 2201 ι
1433 2149 1492 2203 Alie
1503 2151 1586 2222 pluris
1597 2156 1752 2226 coelmdonr,
1765 2161 1819 2214 elia
1825 2173 1849 2216 rt
1856 2169 2020 2224 terrestrirnn.

1225 2235 1258 2291 Et
1272 2251 1364 2293 rursus
1375 2237 1468 2296 diceus
1479 2240 1517 2298 de
1530 2243 1614 2313 gloria
1626 2246 1776 2304 celestium
1792 2266 1934 2322 corporum
1948 2259 2022 2328 Apur-

1224 2327 1309 2382 stolus
1327 2328 1463 2399 adjunxit,
1479 2341 1506 2387 et
1520 2334 1557 2389 ait
1571 2352 1577 2389 :
1592 2335 1650 2404 utta
1662 2339 1744 2409 pluria
1765 2344 1843 2409 solis,
1866 2347 1918 2400 olio
1940 2351 2021 2420 qtora'n

1225 2416 1311 2484 lente,
1338 2420 1390 2474 alio
1403 2421 1487 2492 pierio
1499 2424 1639 2480 stellarum.
1655 2427 1737 2485 Stella
1749 2433 1816 2486 enim
1829 2436 1862 2489 rt
1881 2439 1954 2493 ειειιιι
1966 2442 2020 2512 dis·

1223 2511 1271 2578 sert
1283 2507 1399 2579 inpleris
1413 2526 1423 2565 :
1437 2512 1474 2565 sic
1488 2523 1511 2567 et
1524 2517 1673 2571 resurrectio
1687 2531 1846 2577 ruertsorrrnt
1859 2525 1880 2594 (Ι
1894 2526 1952 2582 Cor.
1968 2546 2018 2594 rr,

1223 2598 1329 2672 tuta).
1358 2600 1460 2658 Videtis
1472 2603 1533 2674 quia
1549 2608 1680 2675 promissa
1700 2620 1742 2666 εει
1755 2622 1908 2671 sanctorum
1922 2634 2019 2690 eorpo-

1223 2689 1297 2746 ribus
1308 2690 1434 2760 claritas,
1458 2703 1485 2749 tt
1499 2695 1602 2753 diuersa
1617 2701 1722 2768 species
1731 2703 1877 2773 claritatis,
1897 2712 1956 2780 quia
1977 2713 2019 2768 di·

1222 2795 1299 2836 uersa
1323 2790 1386 2837 sunt
1406 2786 1499 2841 merita
1512 2786 1661 2845 charitalis.
1687 2791 1741 2848 Sed
1762 2795 1799 2849 illi
1821 2798 1885 2867 quid
1907 2801 2019 2858 alierum?

1222 2870 1312 2928 Stellas
1327 2874 1385 2930 istas
1397 2891 1464 2945 quas
1479 2876 1591 2946 ridetis,
1606 2895 1718 2953 corpora
1742 2887 1849 2955 quidem
1873 2900 1951 2959 snrtt,
1971 2897 2018 2951 sed

1221 2960 1321 3020 lrabeat
1334 2979 1396 3021 suas
1407 2967 1510 3023 animas
1522 2968 1734 3043 intellectuales,
1749 2985 1777 3032 ct
1789 2990 1848 3034 sont
1862 2980 1910 3036 dii.
1931 2984 2017 3040 loter-
2117 2970 2127 2991 ⁹

1223 3055 1258 3109 im
1272 3054 1305 3110 de
1316 3058 1472 3127 corporibus
1484 3101 1492 3127 ,
1505 3062 1568 3131 quia
1588 3078 1701 3134 corpora
1715 3077 1794 3138 suut,
1807 3084 1899 3129 rerum
1909 3076 2016 3134 dicuutr

1220 3145 1268 3201 sed
1284 3156 1373 3202 utrum
1399 3148 1517 3207 babeant
1540 3154 1644 3210 animas
1668 3172 1747 3226 snas,
1774 3165 1866 3233 utqrrid
1888 3167 2018 3225 discutio?

1220 3236 1298 3291 blodo
1308 3238 1447 3296 nummus
1456 3242 1490 3297 ad
1504 3257 1571 3299 rem.
1582 3242 1720 3305 luducitur
1729 3251 1822 3307 Densa
1837 3255 1948 3315 Platone
1960 3262 2017 3333 ipso

1219 3326 1316 3397 alloqui
1330 3328 1406 3397 deos,
1422 3332 1565 3402 quesierit
1578 3335 1613 3391 de
1624 3341 1756 3409 corporali
1769 3352 1796 3398 ct
1809 3345 1843 3401 de
1856 3347 2016 3420 incoqtorali

1219 3416 1381 3482 substantia,
1410 3429 1491 3491 atque
1518 3423 1589 3480 inter
1601 3436 1699 3484 cetera
1712 3430 1805 3489 dicere
1827 3434 1897 3493 illis:
1915 3457 1925 3491 r
1942 3441 2015 3509 Quu-

1219 3508 1289 3563 nlam
1304 3510 1369 3567 estis
1383 3511 1445 3577 orti,
1456 3513 1622 3574 immortales
1634 3535 1694 3576 esse
1704 3533 1731 3578 et
1746 3524 1946 3589 indissolubiles
1959 3552 2012 3591 non

1220 3599 1339 3666 potestis.
1358 3618 1368 3651 ι
1382 3600 1441 3656 lam
1457 3604 1491 3659 ed
1513 3607 1590 3662 istarn
1604 3624 1696 3666 roeeut
1710 3613 1746 3669 illi
1769 3616 1951 3679 intremiscere
1966 3640 2015 3695 qro-

1219 3696 1316 3744 teraut.
1332 3689 1439 3759 Quare?
1464 3694 1532 3762 Quia
1554 3699 1719 3756 immortales
1740 3719 1801 3760 esse
1815 3710 1972 3780 cupiebant,
1988 3728 2015 3770 et

1219 3780 1286 3835 muri
1301 3782 1435 3838 nolebant.
1449 3784 1519 3855 Ergo
1529 3796 1557 3841 ut
1569 3790 1608 3845 eis
1621 3791 1738 3847 auferret
1751 3796 1890 3868 timorem,
1907 3817 2015 3862 secutus

1217 3869 1427 3942 arljrrnsitatque
1441 3875 1478 3930 ait
1493 3894 1500 3931 :
1519 3896 1528 3929 ι
1543 3879 1600 3934 Νοιι
1614 3891 1701 3938 tamen
1712 3884 1912 3961 dissolvemini,
1928 3912 2014 3968 neque

1218 3976 1265 4015 ros
1287 3961 1338 4015 ullo
1362 3965 1456 4021 mortis
1474 3965 1525 4021 iata
1540 3971 1691 4040 periment,
1717 3991 1857 4038 recerunt
1870 3987 2022 4051 ualentiora¹

1217 4067 1296 4122 quarn
1311 4056 1449 4110 consilium
1467 4074 1574 4126 rneurn,
1590 4063 1661 4132 qnod
1675 4068 1761 4137 nrajns
1776 4082 1817 4126 est
1831 4075 1964 4134 uinculum
1980 4085 2012 4136 aul

1218 4145 1419 4214 perpetuitatem
1446 4159 1576 4219 vestram,
1599 4170 1678 4224 quarn
1705 4159 1748 4215 illa
1773 4164 1870 4233 quibus
1895 4170 2010 4243 colligari
2090 4185 2092 4189 “

1217 4234 1292 4290 εειίε.
1311 4253 1321 4287 ι
1338 4235 1407 4294 Eece
1430 4239 1500 4294 Deus
1519 4241 1564 4296 dat
1584 4246 1757 4304 securitatem
1780 4253 1859 4311 diisa
1874 4260 2011 4319 seductis:

1217 4328 1386 4383 securitatem
1400 4330 1454 4386 illis
1475 4332 1522 4387 dat
1536 4334 1762 4409 imrucrtalitatis;
1776 4349 1946 4407 securitatem
1961 4355 2013 4411 illis

1216 4414 1277 4480 dat,
1291 4418 1361 4487 quod
1383 4434 1436 4475 uun
1450 4420 1601 4492 relinquant
1613 4427 1707 4497 globos
1726 4447 1869 4503 corporum
1891 4457 2011 4499 suorum.

1215 4504 1295 4563 Certe
1308 4523 1405 4578 corpus
1426 4520 1467 4566 est
1477 4527 1558 4570 omne
1573 4516 1749 4588 luqieudnml
1771 4525 1903 4595 Quantum
1918 4535 2012 4591 eristi-

1217 4612 1279 4663 rno,
1294 4612 1453 4668 responsum
1475 4611 1517 4658 est
1538 4604 1605 4676 illis,
1627 4609 1697 4665 sicut
1712 4612 1862 4688 intelligere
1881 4627 2010 4691 potestis:

1216 4691 1285 4747 sicut
1301 4701 1328 4746 ct
1341 4709 1389 4748 nos
1401 4694 1474 4765 loqui
1487 4712 1645 4768 possumus,
1657 4714 1784 4774 qnantum
1804 4709 1868 4767 bora
1880 4721 2013 4775 sermonis

1217 4780 1362 4850 permittit,
1375 4793 1502 4853 quantum
1516 4796 1604 4844 restra
1615 4795 1749 4862 capacitas
1763 4799 1837 4865 sinit,
1855 4818 2010 4877 responsum

1217 4880 1261 4928 est
1275 4871 1324 4929 eis.
1336 4872 1463 4935 laturera
1479 4878 1543 4947 quid
1562 4889 1590 4936 et
1605 4881 1654 4951 ipsi
1668 4884 1759 4942 dicant
1769 4888 1803 4945 de
1818 4899 2012 4953 resurreetione

1215 4980 1357 5036 corporum
1370 4969 1445 5037 qnasi
1457 4980 1534 5026 acute
1545 5012 1553 5037 ,
1570 4983 1598 5027 ut
1612 4990 1666 5032 nen
1679 4979 1736 5046 eis,
1749 4983 2011 5055 sieutarbitrautur,

1216 5058 1297 5114 etiarn
1309 5073 1358 5113 uns
1372 5061 1535 5130 respondere
1549 5067 1698 5136 passiolos,
1716 5076 1828 5130 multum
1843 5089 1884 5134 est
1894 5091 1921 5136 ut
1932 5082 2012 5139 bodie

1215 5147 1291 5202 robis
1304 5148 1400 5202 dicam.
1413 5148 1467 5204 Sed
1478 5151 1539 5219 quia
1551 5154 1636 5210 semel
1647 5160 1758 5226 promisi
1770 5165 1865 5232 robis,
1884 5183 1933 5238 per
1945 5171 2011 5228 istos

1215 5240 1274 5297 dies
1286 5241 1361 5296 istanr
1383 5240 1417 5295 de
1432 5245 1626 5303 resurrectione
1644 5252 1732 5307 carnis
1753 5257 1927 5324 quaestionem
1950 5279 2011 5322 csse

1217 5330 1393 5396 sersarrdanr,
1409 5330 1441 5385 ad
1462 5347 1493 5386 ea
1507 5348 1566 5403 quau
1589 5346 1703 5406 restant,
1718 5343 1860 5414 adjrrruute
1879 5350 2010 5423 bornino,

1217 5430 1245 5477 et
1257 5437 1336 5478 aures
1348 5429 1376 5478 ει
1384 5422 1464 5478 ettrda
1479 5424 1659 5486 incrastinum
1676 5449 1832 5506 praeparate.

1456 5514 1571 5575 saletto
1589 5519 1701 5580 ccxbtt
1716 5528 1765 5599 (a).

1437 5609 1462 5653 lu
1470 5605 1559 5659 diebus
1568 5609 1727 5677 mantilibus,
1736 5630 1786 5671 rur.

1290 5685 1327 5740 De
1342 5685 1534 5748 Resurrectione
1546 5710 1697 5766 corporum,
1712 5714 1800 5759 corttrn
1818 5706 1936 5766 Gentiles.

1253 5776 1365 5833 turbt
1385 5777 1527 5838 Puttttltt.
1539 5815 1574 5826 -
1589 5788 1614 5841 l.
1628 5790 1825 5853 Resurrectionir
1843 5801 1907 5868 lirlrs
1926 5805 2007 5859 utam-

1250 5887 1455 5941 ·troendatttsad
1476 5894 1538 5946 duros
1548 5899 1587 5947 cb.
1601 5901 1664 5953 add.
1676 5917 1713 5968 gr.
1726 5918 1746 5954 r.
1758 5914 1776 5958 t.
1790 5923 1812 5960 ι.
1824 5911 1862 5962 sd.
1876 5914 1941 5967 etad
1954 5923 2006 5966 tur.

1219 5955 1255 5998 rr.
1268 5957 1318 5999 rar.
1329 5957 1383 5999 tor.

1249 6011 1365 6075 (apulias,
1379 6014 1411 6065 de
1423 6023 1540 6081 'tempere
1554 6020 1596 6073 lli
