4759 6684
376 559 429 615 5⁰5

376 671 501 737 ruentier,
514 673 575 742 quia
588 670 715 743 scriplum
733 678 785 734 est,
802 668 896 724 Perdes
907 685 992 723 onrnes
1002 669 1044 737 gai
1052 667 1157 736 loquan-

376 773 418 820 tar
427 762 605 831 meritonam(
619 761 692 818 Psoi.
706 776 734 830 v,
749 761 795 832 il.
809 761 866 817 Non
876 761 1000 823 mentior,
1020 758 1082 829 quia
1094 757 1160 811 scri·

375 864 449 924 ptum
461 860 513 918 est,
530 850 635 905 Fabam
655 853 823 906 testimenium
832 869 881 906 non
896 852 974 906 dicer.
989 849 1086 919 Urgent
1099 847 1161 905 ticet

374 945 505 1012 pressuris
529 956 637 997 carnem
659 957 746 999 meam
770 943 812 997 cui
838 942 964 1013 displiceo
977 942 1004 996 in
1023 939 1158 995 ueritate:

374 1033 453 1089 audio
468 1034 608 1089 bominum
622 1050 722 1098 meum,
746 1033 833 1089 Nolite
857 1034 943 1088 tinter'e
961 1049 1001 1088 coa
1014 1032 1057 1103 pai
1069 1046 1160 1100 corpur

374 1123 491 1178 occidant
505 1123 515 1194 (
528 1124 620 1180 llottlr.
634 1141 662 1190 x,
675 1125 710 1181 28
721 1124 742 1197 l.

413 1234 441 1290 s.
469 1233 588 1289 norman
611 1245 698 1307 opust,
720 1252 771 1290 noir
794 1244 821 1290 ut
842 1234 970 1299 doctrines,
993 1231 1037 1285 aed
1060 1240 1088 1285 nt
1112 1229 1160 1299 ptri

376 1323 435 1378 Dei.
459 1323 599 1391 Quomodo
619 1340 682 1397 ergo
701 1326 788 1381 omnis
813 1325 893 1380 humo
905 1322 1036 1380 nrerrdax?
1057 1320 1161 1375 tlnlor-

374 1423 401 1471 te
418 1432 471 1493 non
485 1432 515 1474 es
527 1418 607 1474 homo
619 1419 631 1474 l
645 1419 786 1490 Responde
807 1419 869 1486 cito,
884 1425 912 1473 et
921 1431 1023 1479 rerum,
1038 1415 1070 1468 Ει
1081 1415 1160 1467 1ιοιιιο

349 1496 353 1504 ’
375 1524 428 1565 non
443 1511 504 1574 siut,
519 1527 552 1565 nc
564 1511 676 1566 metrtlax
687 1512 747 1566 sim.
762 1510 855 1567 Videte
868 1509 938 1564 enim
955 1525 961 1560 z
980 1504 1087 1560 Deuade
1098 1503 1161 1558 coelo

374 1603 503 1672 prospexit
523 1601 675 1672 atrpcrfilios
688 1603 827 1669 ltonn'num,
842 1609 867 1654 ut
883 1600 974 1654 rideret
989 1600 1010 1651 ai
1020 1606 1055 1650 cat
1065 1595 1160 1650 intelli·

374 1707 435 1760 peria
459 1700 482 1744 et
497 1693 625 1761 requirens
648 1692 738 1746 Dentri.
760 1690 852 1745 Omnes
874 1687 1069 1752 declinaveram,
1084 1683 1161 1738 situel

372 1779 475 1834 irrutiles
488 1781 549 1851 [neti
563 1792 620 1835 snnt
634 1797 642 1834 :
654 1798 703 1835 non
716 1790 752 1835 est
764 1781 807 1850 pni
827 1780 903 1851 faciat
928 1777 1030 1841 bonnm,
1051 1790 1101 1828 nori
1124 1783 1160 1828 cst

372 1884 450 1940 nopae
470 1872 504 1924 ad
525 1887 604 1925 anani
619 1870 711 1943 (Psoi.
727 1886 782 1936 xrrt,
798 1869 825 1933 Ξ,
846 1867 891 1939 3).
906 1866 1014 1934 Quare?
1026 1864 1092 1931 Quia
1114 1862 1160 1917 lilii

373 1961 511 2016 bominum
535 1977 594 2017 esse
616 1964 767 2018 uoluerunt.
786 1961 819 2017 Ut
838 1967 926 2014 autem
941 1973 987 2013 eos
1006 1956 1040 2010 ab
1055 1953 1161 2009 bisini-

371 2053 514 2122 quitatlbus
527 2053 640 2120 tolleret,
655 2054 807 2119 redimeret,
814 2059 930 2116 curaret,
945 2056 1059 2111 sanaret,
1073 2053 1160 2100 muta·

372 2152 412 2198 ret
436 2143 503 2199 illios
524 2143 670 2207 bominum,
695 2143 769 2198 dedit
791 2143 831 2197 eis
857 2149 1014 2211 potestatem
1030 2138 1098 2192 lilios
1112 2136 1159 2191 liei

370 2236 429 2291 tleri
446 2235 544 2307 (loon.
555 2252 573 2301 t,
591 2237 625 2290 l‘l
637 2234 658 2305 l.
669 2235 737 2303 Quid
746 2249 809 2305 crgo
829 2233 944 2289 rnirum?
960 2232 1085 2286 Homines
1098 2242 1159 2284 era-

370 2326 415 2391 tis,
431 2326 453 2379 si
467 2325 547 2380 eratis
561 2327 606 2380 lilii
628 2326 764 2380 bantinum
780 2343 786 2378 ε
801 2338 895 2379 omnes
918 2322 1043 2376 hominos
1066 2318 1157 2383 eratis,

371 2417 513 2472 mendaces
524 2417 603 2472 cratis
617 2434 624 2482 ;
639 2419 725 2472 omnis
739 2414 899 2471 enimbonto
912 2412 1036 2467 merrdnx.
1052 2406 1160 2464 Accedit

370 2507 535 2577 robisgratia
550 2507 606 2569 Dei,
616 2506 688 2562 dedit
698 2505 772 2560 robis
786 2512 944 2575 potestatem
953 2501 1021 2556 lilios
1033 2500 1078 2555 Dei
1088 2497 1156 2552 lieri.

371 2599 467 2654 Audite
475 2615 567 2654 vocem
580 2601 666 2654 Patris
680 2600 732 2654 mei
746 2599 869 2662 dicentiS,
885 2596 941 2669 Ego
956 2598 1020 2659 disi,
1034 2594 1075 2648 Dii
1090 2594 1157 2660 ertia,

369 2698 393 2743 ct
403 2691 450 2757 filii
460 2691 583 2744 ditissimi
594 2707 678 2744 antaee
691 2691 700 2760 (
716 2685 785 2743 Psoi.
800 2691 917 2751 exarati
934 2689 954 2758 ).
966 2687 1095 2754 Quoniam
1110 2685 1155 2738 bo·

370 2779 507 2834 mineslllii
516 2779 663 2844 bominum,
673 2780 696 2833 si
707 2795 758 2835 non
772 2779 816 2833 lilii
830 2779 970 2845 altissimi,
980 2777 1156 2842 mendaccs¹;

370 2868 430 2935 quia
445 2868 531 2920 enanis
542 2867 621 2922 lmmo
633 2867 756 2922 mendax.
773 2866 799 2922 Si
810 2867 855 2921 lilii
864 2867 922 2931 liei,
936 2867 957 2920 si
968 2866 1050 2936 gratia
1064 2865 1157 2920 Salia·

370 2958 435 3011 toris
461 2957 600 3026 redempti,
624 2959 647 3013 si
666 2957 786 3028 pretioso
800 2957 928 3028 sauguine
951 2956 1107 3026 comparati,
1133 2954 1156 3012 si

369 3064 438 3118 arpua
451 3056 478 3102 et
506 3049 606 3118 Spiritu
629 3051 724 3114 renati,
739 3050 761 3103 si
776 3049 810 3104 ad
829 3049 1009 3105 hereditatem
1024 3047 1155 3103 coelorum

369 3139 561 3208 praedestinati,
584 3140 675 3210 utique
691 3140 736 3193 lilii
751 3139 808 3194 liei.
832 3139 902 3210 Ergo
920 3139 976 3209 jam
999 3138 1035 3192 dii
1048 3140 1070 3191 ‘.
1086 3136 1157 3204 Quid

369 3227 403 3283 ad
413 3230 500 3284 terult
509 3229 696 3285 mendacium?
710 3229 792 3284 ridant
801 3230 871 3285 enirn
885 3244 965 3298 purus
977 3228 1068 3293 lrotno,
1079 3225 1158 3281 Chri·

369 3329 426 3374 stus
439 3321 518 3375 immo
532 3321 611 3388 Deus,
624 3329 729 3376 creator
740 3322 827 3377 omnis
839 3328 967 3375 creature
977 3320 1056 3374 Deus.
1072 3319 1156 3373 Adam

370 3411 460 3475 lmrno,
474 3411 596 3466 Christus
616 3411 694 3466 lromo
716 3411 847 3466 mediator
870 3412 927 3474 Dei,
954 3411 1039 3465 Filius
1064 3409 1157 3464 urricus

372 3501 468 3568 Patris,
494 3502 564 3557 Deus
586 3502 678 3556 bomo.
697 3503 766 3557 Ecce
790 3511 816 3555 tu
830 3502 908 3573 longe
924 3517 939 3555 a
956 3501 1010 3555 Deo
1024 3500 1152 3565 borno,et

371 3591 443 3645 [leus
465 3606 570 3645 sursum
586 3592 664 3663 longe
676 3593 709 3647 ab
725 3592 850 3647 bomine:
871 3593 897 3648 in
923 3592 1011 3646 tncdio
1025 3606 1055 3644 sc
1070 3590 1158 3658 posuit

372 3681 444 3735 Deus
469 3681 558 3736 bomo.
584 3683 705 3753 Agnosce
733 3683 885 3750 Christum,
909 3692 997 3753 etper
1022 3682 1156 3736 bominem

369 3773 484 3830 ascende
492 3773 525 3828 ad
537 3775 630 3829 licum

404 3864 430 3917 t.
448 3862 610 3934 imponerem
628 3865 776 3920 scandalum
797 3882 828 3920 rs
848 3864 969 3936 pressaris
982 3864 1078 3918 mnndi.
1097 3864 1155 3920 laur

369 3969 433 4024 crgo
455 3956 578 4023 correcti,
602 3963 629 4011 et
643 3956 664 4010 si
692 3957 791 4027 aliquid
803 3957 916 4027 egimus,
944 3956 1032 4020 mites,
1062 3964 1156 4010 tenea·

368 4058 429 4098 mus
460 4044 671 4101 indeclinabilem
704 4046 912 4102 consessionem.
952 4046 1095 4115 biligamue
1118 4045 1157 4100 lc-

369 4151 429 4204 geut
445 4135 501 4201 Dei,
515 4145 544 4189 ut
553 4136 696 4193 eradamus
707 4137 776 4206 quod
787 4136 886 4191 dictum
899 4143 949 4190 est.
966 4133 1012 4190 Va
1022 4134 1115 4188 mundo
1125 4135 1157 4187 ab

369 4227 507 4281 mandatis.
534 4227 687 4299 Loquamur
708 4228 808 4297 aliquid
829 4228 864 4284 de
887 4225 1036 4292 scandalis,
1061 4227 1157 4296 quibus

370 4317 485 4372 mundus
497 4319 591 4387 plenus
603 4328 654 4384 est,
669 4328 694 4373 et
705 4317 839 4389 quurnodo
852 4317 1023 4373 crebrescant
1043 4315 1157 4371 scanda-

372 4411 408 4476 la,
430 4411 566 4467 abundent
585 4426 725 4481 pressurae.
754 4410 876 4466 l'astatur
896 4409 1020 4474 mundus,
1041 4409 1158 4464 calcatur

372 4503 499 4558 torcular.
508 4503 567 4569 Eia,
583 4502 738 4568 christiane,
751 4503 861 4558 coeleste
870 4517 989 4572 germen,
1005 4499 1155 4570 peregrinis

370 4605 398 4645 ιιι
415 4600 497 4656 terra,
511 4590 556 4660 qui
578 4591 710 4644 ciuitatem
725 4589 751 4643 iu
763 4591 832 4645 caelo
844 4590 972 4660 quaeritis,
987 4589 1032 4659 qui
1044 4589 1153 4659 Angelis

370 4681 469 4733 cannetis
494 4680 590 4734 sociari
605 4678 772 4743 desideratis,
789 4679 927 4749 intelligite
941 4693 989 4733 ros
1002 4679 1041 4733 sic
1053 4679 1157 4734 vertisse

370 4775 399 4820 ιιι
418 4767 571 4821 discedatis.
587 4767 716 4821 Transitis
743 4781 792 4836 per
814 4766 953 4834 mumdum,
975 4776 1102 4824 conantes
1121 4769 1156 4824 ad

369 4873 430 4912 eum
443 4857 595 4928 quicrcarit
609 4856 746 4912 mundum.
756 4856 814 4913 Non
824 4873 873 4914 ros
888 4858 1042 4928 perturbent
1053 4870 1156 4916 amato·

369 4963 413 5004 res
428 4949 530 5017 muudi,
544 4949 591 5020 qui
604 4951 695 5004 nolunt
708 4949 734 5003 in
745 4951 843 5005 nurndo
863 4966 1014 5018 remanere,
1033 4961 1061 5008 et
1073 4954 1158 5009 velint

369 5038 464 5106 nolint,
489 5049 618 5109 coguntur
642 5040 757 5111 migrare
773 5057 780 5096 ε
795 5055 848 5096 non
873 5056 922 5097 uos
942 5040 1086 5111 decipiant,
1103 5059 1156 5100 nou

367 5128 504 5185 sanaem
521 5129 658 5185 Pressuras
683 5132 742 5186 istas
763 5146 817 5187 non
843 5139 907 5186 sunt
926 5131 1061 5187 scandala.
1086 5133 1155 5191 lusti

367 5228 465 5285 estote,
479 5231 506 5275 ct
516 5220 721 5276 exercitationes
730 5231 817 5277 erunt.
829 5221 976 5277 'lribulatio
989 5224 1155 5287 venit:nuod

367 5313 483 5370 volueris
501 5315 563 5382 erit,
575 5323 621 5369 aut
636 5313 801 5382 exercitatio,
821 5325 868 5370 aut
888 5315 1032 5371 damnatio.
1045 5316 1154 5383 Qualem

368 5413 395 5460 te
405 5406 547 5471 invenerit,
557 5407 619 5461 talis
630 5406 691 5461 erit.
708 5405 854 5464 Tribalatio
865 5407 932 5477 ignis
941 5418 981 5463 est
999 5425 1005 5461 ι
1021 5423 1115 5463 aurum
1126 5417 1154 5465 te

398 5556 405 5583 ¹
419 5552 462 5602 ttbi
474 5564 518 5602 uos
525 5565 557 5601 ex
564 5550 699 5604 colbertino
705 5559 784 5602 reteri
794 5549 939 5615 codicefilr'i
954 5551 1154 5607 remanorum.

365 5613 479 5673 οιοιιιωιι
490 5611 605 5674 nonna,
617 5621 674 5667 etc..
683 5614 719 5662 sic
729 5613 804 5662 lrabet
814 5614 893 5673 sirm,
910 5612 968 5663 rtur·
984 5613 1095 5664 abbadiis*
1105 5628 1155 5665 ont-

365 5685 414 5783 aea
433 5672 632 5744 ritttrmiinna,
642 5672 689 5738 titii
703 5666 835 5734 bmnamn'i',
846 5686 894 5724 nott
903 5671 950 5737 fitis·
959 5673 1079 5735 albariam
1091 5688 1155 5727 πιαι-

383 5748 438 5785 aces
538 5743 585 5786 etc.

396 5748 558 5860 ‘editissimo
568 5795 635 5847 aridi.
647 5795 790 5847 emendatur
796 5807 844 5858 ope
852 5793 980 5845 colbertini
990 5797 1153 5860 manuscripti,

366 5857 407 5919 qni
420 5858 490 5918 paulo
501 5865 554 5919 post
562 5859 636 5908 babet
643 5860 679 5908 sic
689 5872 695 5906 ι
710 5861 786 5909 Aderit
794 5857 872 5916 iream,
884 5856 1075 5919 lmntottdristtts,
1085 5858 1155 5910 lmmu

369 5924 440 5983 auur,
450 5924 542 5967 creator
552 5918 629 5968 orturis
638 5924 757 5970 creatum
769 5928 839 5969 peris.
853 5919 929 5968 Adam
939 5918 1016 5979 dumo,
1025 5920 1094 5972 boine
1104 5933 1153 5974 tite·

365 5975 444 6036 motor
455 5978 501 6037 noi
509 5978 582 6031 tilios
593 5979 676 6032 uidem
688 5979 766 6033 ratris
778 5980 823 6039 bei
833 5979 910 6033 bonw.
923 5989 991 6048 scre,
1008 5987 1062 6041 etc.⁴

975 554 1005 610 S.
1027 545 1206 608 lucustam
1226 547 1376 608 erectori

1951 559 2006 621 sut

1218 663 1339 721 invenit?
1357 668 1451 724 sardes
1462 670 1545 726 tollit:
1559 674 1660 743 palcarn
1677 687 1703 734 te
1712 678 1831 738 tui-mitt
1845 685 2006 751 trenciani

1213 754 1305 810 uertit.
1322 757 1390 828 Ergo
1402 766 1755 838 pressuraeqmnabrmdant,
1775 789 1828 831 non
1848 788 1912 833 surtt
1925 795 2005 838 scan-

1212 843 1287 899 dala.
1302 846 1353 902 Sed
1365 864 1423 916 qttae
1437 861 1499 905 sorrt
1511 855 1656 911 seartdnlal
1675 859 1835 921 Locutiones
1853 866 1919 935 illan,
1939 887 2005 929 rer-

1213 935 1247 991 ba
1262 937 1317 1002 illa,
1332 940 1428 1008 quibus
1438 942 1514 998 nobis
1526 944 1621 1002 dicitnr
1637 967 1643 1004 :
1657 950 1727 1007 Ecce
1740 955 1804 1024 quid
1818 959 1917 1017 laciorat
1936 971 2006 1021 terna

1215 1041 1280 1096 pora
1295 1028 1449 1096 christiana,
1465 1049 1527 1090 ecce
1549 1054 1607 1106 pirae
1632 1052 1693 1096 sunt
1723 1047 1858 1104 scandala.
1882 1053 1927 1108 Ad
1949 1055 2006 1112 hoe

1213 1118 1285 1171 cuim
1300 1119 1346 1175 tibi
1355 1119 1462 1191 dicitur,
1474 1135 1502 1178 ut
1516 1136 1554 1193 tu,
1566 1130 1587 1183 si
1602 1147 1675 1187 antas
1686 1137 1823 1208 niunduut,
1832 1142 2009 1215 blasphemes

1213 1209 1358 1267 Christum.
1371 1215 1405 1269 Et
1416 1216 1480 1274 dicit
1495 1218 1540 1273 tibi
1554 1220 1605 1277 boc
1620 1226 1722 1284 anticus
1738 1237 1811 1299 tuus,
1824 1212 2004 1296 consiliarius

1215 1306 1274 1355 tuus
1290 1321 1298 1357 :
1315 1318 1378 1374 ergo
1387 1307 1556 1366 oculustuns.
1569 1311 1638 1367 llicit
1656 1316 1701 1371 tibi
1713 1317 1763 1374 lnoc
1784 1323 1907 1381 minister
1924 1339 2001 1397 tuus,

1213 1395 1382 1459 cooperarius
1396 1404 1474 1451 tuus:
1491 1416 1655 1468 ergomauns
1669 1414 1721 1461 tua.
1737 1410 1805 1466 llicit
1818 1414 1864 1469 tibi
1879 1416 1931 1474 boc
1942 1419 2004 1475 lor·

1214 1482 1294 1550 tenui
1305 1490 1329 1536 tc
1342 1495 1481 1550 sustentat,
1495 1491 1539 1559 qui
1553 1493 1620 1554 teab
1633 1493 1782 1556 bumilitate
1795 1510 1902 1561 terrena
1914 1510 2005 1567 suble·

1213 1579 1278 1623 vat:
1295 1586 1358 1642 ergo
1367 1589 1413 1641 pes
1427 1584 1496 1630 tuus.
1511 1578 1605 1649 abjice,
1615 1595 1730 1654 onrputo,
1744 1593 1838 1663 projiee
1849 1595 1894 1650 olis
1905 1607 1939 1662 te,
1955 1616 2006 1655 ntt·

1213 1658 1231 1714 li
1245 1666 1405 1720 consentire.
1416 1667 1557 1738 llcspoude
1570 1658 1684 1740 talibus,
1701 1685 1834 1749 quomodo
1853 1693 2005 1758 respond:-

1213 1750 1326 1819 batille,
1342 1757 1384 1811 cui
1397 1760 1555 1816 suadebatur
1565 1763 1659 1821 laisum
1671 1772 1861 1834 testimoninm.
1878 1781 2005 1854 llespon·

1213 1840 1257 1909 de,
1273 1850 1300 1898 ct
1314 1853 1340 1898 tu
1356 1863 1362 1899 :
1380 1846 1423 1902 dic
1434 1848 1534 1906 bomini
1549 1853 1649 1912 dicenti
1671 1860 1728 1929 tibi,
1742 1863 1812 1921 Ecce
1835 1874 2006 1940 temporibus

1212 1932 1364 1992 christianis
1379 1947 1459 1994 tantae
1486 1960 1617 2013 pressura·
1643 1963 1716 2021 sumt,
1732 1967 1851 2016 vastatur
1868 1967 2003 2024 nturrdus:

1213 2026 1344 2093 responde
1365 2036 1402 2094 tu,
1415 2029 1471 2088 lloc
1485 2034 1711 2111 mibi-antequam
1726 2049 1855 2120 eveniret,
1876 2058 2004 2125 praedixit

1212 2111 1342 2172 Christus.

1246 2209 1272 2265 8.
1294 2209 1423 2268 tresue
1451 2216 1589 2286 deficientia
1622 2227 1710 2281 tetradi
1740 2232 1876 2301 proedictae.
1914 2238 2008 2306 Quare

1212 2299 1282 2358 enim
1303 2303 1435 2359 turbaris?
1454 2308 1590 2369 Pressuris
1608 2320 1699 2373 mundi
1721 2323 1840 2381 turbatur
1853 2343 1900 2384 cor
1915 2342 2005 2404 tunm,

1211 2393 1344 2460 quomodo
1357 2397 1429 2452 navis
1440 2399 1494 2466 illa,
1508 2402 1551 2456 ubi
1562 2404 1709 2465 dormiebat
1718 2412 1847 2471 Christus.
1860 2419 1930 2477 Ecce
1942 2440 2007 2494 quas

1211 2497 1290 2539 causa
1305 2494 1354 2553 ost,
1368 2487 1448 2545 homo
1462 2494 1577 2562 cordate,
1594 2510 1622 2552 ut
1632 2501 1752 2560 turbetur
1765 2522 1812 2563 cor
1826 2518 1899 2567 tuum
1915 2533 1922 2568 :
1938 2532 2007 2574 ecco

1210 2590 1270 2643 quae
1284 2592 1362 2632 causa
1377 2591 1427 2636 cst.
1441 2583 1519 2639 Naris
1532 2587 1592 2653 ista,
1606 2591 1632 2646 in
1642 2610 1692 2662 qua
1704 2595 1824 2658 Clrristus
1832 2605 1944 2674 dormit,
1955 2626 2005 2666 cor

1210 2675 1251 2721 est
1263 2667 1305 2721 ubi
1320 2669 1385 2726 fides
1398 2672 1504 2730 dormit.
1520 2678 1586 2746 Quid
1599 2685 1670 2739 cnim
1681 2688 1726 2743 tibi
1739 2692 1800 2747 riori
1812 2695 1920 2765 dicitur,
1931 2702 2005 2757 ctri-

1210 2755 1315 2811 stianc?
1327 2760 1388 2828 quid
1403 2763 1473 2817 enim
1485 2765 1531 2820 tibi
1541 2771 1601 2824 noui
1615 2772 1730 2831 dicitur?
1745 2780 1922 2853 Temporibus
1931 2791 2005 2847 cbri-

1210 2845 1302 2901 stianis
1312 2859 1428 2906 uastatur
1438 2856 1562 2923 mundns,
1574 2861 1663 2918 delicit
1672 2870 1795 2926 mundus.
1806 2874 1866 2930 Non
1877 2879 1924 2934 tibi
1935 2883 2005 2938 dixit

1209 2935 1337 2994 Dominus
1348 2949 1417 3007 tuus,
1433 2945 1584 3004 Vastabitur
1596 2956 1727 3013 rnrrndusl
1741 2961 1799 3018 Non
1812 2967 1857 3023 tibi
1870 2969 1938 3027 dixit
1949 2974 2004 3031 De-

1209 3027 1296 3082 minus
1309 3037 1378 3096 tuus,
1393 3032 1503 3090 Deficiet
1515 3042 1645 3097 mundus?
1659 3045 1746 3113 Quare
1755 3055 2004 3131 crctlebasqnantlo

1209 3119 1426 3191 promittebatur,
1442 3135 1469 3180 et
1488 3128 1603 3188 turbaris
1623 3139 1729 3205 quaudo
1748 3147 1915 3216 completur?
1931 3153 2002 3224 Ergo

1209 3213 1353 3278 tempestus
1366 3213 1443 3266 sterit
1463 3214 1489 3270 in
1504 3232 1550 3272 cor
1564 3229 1637 3277 tuum
1652 3243 1659 3274 :
1673 3241 1737 3285 care
1750 3235 1935 3308 naufragium,
1948 3258 1986 3300 ex
1998 3276 2002 3281 ·

1208 3296 1259 3352 cita
1268 3297 1411 3354 Christum.
1422 3303 1551 3375 Habitare,
1564 3310 1647 3382 inqtrit
1655 3315 1806 3386 apostotus,
1815 3322 1944 3385 Cirristron
1954 3350 2003 3402 per

1209 3386 1284 3455 Mem
1294 3391 1319 3443 r'a
1328 3392 1445 3448 cordibus
1456 3400 1541 3452 cestris
1554 3399 1660 3472 (aptes.
1674 3423 1712 3475 tit,
1727 3410 1782 3482 17).
1798 3412 1849 3468 Per
1860 3417 1939 3475 iidem
1950 3423 2003 3478 lta-

1208 3475 1274 3532 bitat
1288 3479 1314 3533 in
1328 3488 1353 3535 te
1364 3481 1492 3540 Cliristus.
1508 3486 1585 3544 Fides
1595 3507 1721 3565 praesens,
1737 3516 1854 3568 presens
1866 3520 1908 3563 cst
1918 3509 2002 3570 Clrri·

1208 3576 1265 3621 stus
1277 3586 1282 3620 :
1296 3569 1360 3625 sides
1371 3573 1490 3643 uigilans
1503 3578 1614 3649 vigilans
1626 3595 1666 3640 cst
1676 3583 1796 3648 Christus
1809 3612 1815 3647 ι
1828 3597 1893 3654 lidcs
1904 3602 2004 3672 obtita,

1208 3655 1343 3715 dormiens
1359 3671 1400 3717 cst
1416 3662 1546 3725 Christus.
1563 3669 1700 3744 Excitare,
1715 3693 1882 3742 commorere
1894 3690 1921 3756 ¹,
1935 3691 2000 3750 dic:

1210 3745 1327 3817 Donrirte,
1341 3755 1451 3822 perinttts
1465 3756 1569 3830 (liutet.
1581 3779 1636 3829 uttt,
1648 3766 1757 3842 stirp!
1773 3773 1841 3833 Ecce
1850 3793 1909 3848 quae
1921 3785 2004 3845 nobb

1209 3835 1299 3893 dicunt
1312 3842 1409 3916 Pagani
1426 3864 1432 3899 :
1448 3863 1506 3917 qttae
1527 3854 1603 3909 nobis
1616 3856 1722 3928 dicunt,
1738 3867 1809 3934 quod
1823 3880 1864 3924 cst
1878 3876 2002 3947 gratius,

1209 3928 1270 3982 mali
1285 3927 1436 4000 Christiani.
1456 3937 1590 4013 Exsurge,
1606 3945 1730 4019 liernine,
1744 3958 1869 4025 perimus.
1885 3964 2004 4037 Erigilet

1209 4018 1276 4076 iides
1289 4031 1346 4092 tua,
1370 4026 1460 4100 incipit
1482 4032 1528 4087 tibi
1553 4035 1621 4107 loqui
1644 4040 1774 4104 cbristus.
1800 4053 1866 4121 Quid
1889 4069 2002 4128 pertur-

1208 4113 1298 4170 baris?
1321 4117 1382 4174 Hac
1417 4125 1505 4178 onmia
1525 4130 1634 4198 pra-dixi
1655 4136 1711 4192 tibi.
1736 4139 1798 4198 ideo
1821 4145 1947 4217 praedixi,
1973 4163 2003 4211 ut

1209 4217 1270 4305 cum
1281 4206 1417 4265 vertissent
1429 4214 1515 4283 mala,
1529 4232 1650 4287 sperares
1662 4225 1748 4296 bona,
1762 4241 1791 4287 ut
1804 4250 1857 4292 non
1869 4238 2003 4302 deficeres

1209 4310 1253 4398 ru.
1272 4296 1357 4353 malis.
1387 4301 1489 4358 lliraris
1509 4309 1570 4377 quia
1606 4312 1696 4372 dedcit
1733 4324 1875 4381 mundus?
1900 4333 2002 4391 mirare

1209 4401 1270 4455 quta
1293 4391 1381 4446 senuit
1408 4396 1530 4453 mundus.
1550 4400 1722 4476 llomoest¹,
1748 4418 1876 4485 nascitur,
1889 4426 2002 4494 nescit,

1209 4480 1332 4535 senescit.
1346 4481 1466 4551 Querela.
1490 4490 1578 4546 multae
1593 4494 1618 4548 in
1629 4510 1735 4556 senecta
1751 4521 1758 4556 :
1782 4509 1870 4574 tussis,
1893 4513 2000 4583 pituita,

1209 4567 1348 4642 lippitudo,
1364 4575 1517 4647 anxietudo,
1529 4580 1660 4641 lassitudo
1673 4590 1751 4647 inest.
1763 4596 1832 4667 Ergo
1847 4605 1936 4658 senuit
1949 4605 2000 4663 bo·

1208 4675 1272 4727 rn0;
1294 4665 1411 4733 querelis
1423 4669 1516 4738 plenus
1528 4684 1587 4729 cst:
1604 4681 1691 4738 senuit
1712 4688 1826 4745 mundus
1840 4707 1848 4756 ;
1863 4698 2001 4762 pressuris

1209 4750 1303 4829 plenus
1317 4763 1368 4810 cst.
1383 4758 1479 4816 Parum
1501 4764 1545 4819 tibi
1560 4771 1682 4836 praestitit
1696 4775 1778 4843 licus,
1792 4783 1853 4849 outa
1868 4784 1896 4840 iu
1919 4802 2000 4846 sene·

1208 4853 1280 4902 ctute
1298 4850 1389 4905 mundi
1411 4852 1483 4909 misit
1496 4857 1541 4912 tibi
1557 4859 1701 4933 Christum,
1724 4878 1753 4924 ut
1765 4881 1828 4928 tunc
1843 4885 1868 4929 tc
1883 4878 1999 4946 reliciat,

1208 4938 1315 5007 quando
1338 4951 1432 4998 cuncta
1452 4945 1597 5007 deliciunt?
1612 4953 1704 5013 Nescis
1718 4959 1769 5016 troo
1793 4965 1960 5036 significasse
1971 4974 2000 5030 in

1208 5028 1309 5084 semine
1321 5031 1458 5089 Abrabae?
1476 5035 1541 5093 liam
1555 5056 1646 5099 semen
1661 5047 1775 5106 Abrabae
1793 5054 1831 5108 ait
1840 5057 1999 5130 apostotus.

1207 5119 1274 5190 qaod
1288 5129 1323 5174 est
1338 5122 1459 5180 Cirrislus.
1476 5126 1536 5184 Non
1545 5132 1615 5203 dicit,
1630 5135 1663 5190 m
1676 5141 1821 5213 seminibus,
1832 5156 1954 5220 tanqum
1971 5157 2000 5212 t'tt

1207 5207 1367 5297 multisunt
1391 5224 1509 5287 immunia
1522 5220 1548 5274 in
1569 5240 1630 5291 arro,
1652 5226 1684 5281 m
1696 5232 1785 5287 senarii
1798 5244 1851 5303 tuo,
1872 5243 1941 5309 quoa
1961 5255 2001 5302 eat

1207 5298 1320 5356 Christus
1335 5303 1439 5373 (Colat.
1454 5323 1492 5375 ur,
1509 5311 1542 5365 16
1554 5317 1578 5383 p.
1594 5314 1654 5370 idco
1664 5320 1722 5374 seni
1743 5323 1857 5382 Abrabae
1865 5338 1944 5386 nattis
1956 5346 2002 5391 est

1209 5390 1294 5456 lilius,
1310 5394 1370 5462 quia
1383 5405 1441 5450 erat
1462 5399 1551 5470 utique
1563 5402 1684 5463 Christus
1697 5411 1723 5466 in
1738 5413 1821 5483 ipsius
1836 5421 1928 5476 mucidi
1952 5440 1999 5482 se·

1208 5491 1313 5538 nectutc
1323 5496 1460 5543 venturus.
1478 5490 1556 5548 Vertit
1576 5510 1637 5551 cum
1650 5501 1740 5557 omnia
1753 5515 1999 5582 veterascerencet

1207 5588 1304 5629 uorum
1325 5583 1351 5630 te
1369 5577 1441 5634 lecit.
1462 5581 1516 5639 Res
1535 5585 1614 5655 laem,
1628 5605 1671 5645 res
1687 5594 1805 5664 condita,
1821 5615 1865 5655 res
1878 5604 1999 5671 peritura

1203 5665 1258 5734 jam
1270 5668 1396 5738 uergebat
1418 5673 1443 5726 in
1457 5689 1592 5732 occasum.
1605 5679 1719 5740 Necesse
1731 5695 1789 5740 erat
1804 5698 1833 5743 ut
1844 5691 1997 5757 abundaret

1206 5758 1359 5816 laboribus:
1375 5764 1448 5818 venit
1459 5766 1503 5822 illc
1519 5777 1547 5824 et
1555 5773 1688 5830 consolari
1712 5785 1738 5832 te
1753 5777 1997 5851 intermarana

1237 5864 1245 5894 ¹
1259 5870 1283 5912 tn
1294 5864 1428 5916 colbertino
1439 5874 1490 5927 tls,
1501 5883 1657 5925 cmrmonen.

1237 5925 1337 5985 ¹sirm,
1349 5926 1489 5989 put'ttaettttt't
1496 5934 1609 5987 manitius
1621 5937 1724 5990 nudata
1740 5939 1810 5996 dom

1205 5985 1319 6050 namna
1331 6001 1379 6040 uon
1390 5992 1511 6055 repetitur
1525 5995 1550 6046 in
1566 6002 1742 6063 manuscriptis,
1819 5957 1864 6015 α’
1877 5957 1926 6004 ω’
1938 5962 2000 6006 ω’
