4759 6684
366 568 428 625 liii

397 691 422 740 5.
445 668 562 754 omnam
572 692 686 756 receptus
695 684 749 754 ep'ttt
759 683 862 751 spiritns
876 680 1013 735 altarino.
1033 681 1085 736 Scd
1098 681 1152 751 spi·

364 782 444 832 ritum
457 777 529 831 itlius
542 791 595 846 quo
606 771 815 843 aceepit-lesus?
836 773 861 825 iu
875 787 953 842 quom
969 772 1153 826 mansionem?

361 871 387 922 in
409 867 480 938 quod
500 868 595 923 unitim
615 864 692 918 etnli‘l
707 863 770 929 Quis
785 861 1003 932 corirprchenditi
1023 862 1082 932 quis
1103 875 1151 916 ex·

317 1005 319 1009 ,
361 964 449 1031 plicat.

398 1053 511 1110 carth
532 1049 676 1108 tlt-vis
698 1047 789 1102 antdire
804 1045 991 1116 compendium
1012 1043 1067 1116 (uli
1082 1043 1150 1098 anot

362 1146 449 1217 ipsum
463 1144 614 1199 Christum:
628 1140 716 1201 Pater,
739 1139 796 1191 uolo
816 1146 844 1190 ut
859 1137 899 1190 nbi
918 1151 963 1206 epo
981 1152 1047 1199 sitris,
1069 1144 1093 1187 et
1111 1135 1151 1188 illi

360 1239 410 1292 sint
427 1251 523 1289 tiresum
537 1232 625 1301 (loun.
640 1247 705 1293 ιιιίι,
721 1230 779 1298 Sl).
795 1228 862 1283 Esse
883 1227 928 1282 ubi
952 1234 993 1280 est
1016 1225 1148 1290 Christus,

361 1342 418 1397 qum
439 1333 527 1396 potest
550 1320 778 1390 comprehendere
800 1317 940 1386 cogtuttot
961 1316 1036 1384 cuius
1051 1315 1084 1367 ad
1099 1313 1150 1369 hoo

359 1414 543 1485 explicandum
558 1412 654 1466 sultieit
677 1410 785 1464 sermo?
801 1408 875 1462 Fidei
899 1403 1111 1469 commendetur,
1133 1418 1149 1459 a

360 1509 447 1576 lingua
472 1519 524 1557 iton
549 1509 726 1571 exspectetur.
748 1498 877 1562 Audistis,
895 1511 957 1551 curn
978 1494 1149 1565 Evangelium

359 1596 501 1666 legeretur,
520 1591 569 1646 titt
584 1607 629 1661 epo
643 1607 709 1655 sunt,
725 1590 813 1642 illicet
827 1588 939 1640 minister
951 1601 1020 1639 meus
1030 1583 1087 1652 tiu.
1099 1599 1148 1649 ιιι,

359 1688 418 1755 att).
434 1685 557 1740 Gracum
566 1683 685 1736 codicem
698 1681 787 1749 legite,
801 1688 828 1734 et
839 1679 978 1733 diaconum
994 1674 1147 1730 invenietis.

360 1773 436 1838 Quod
447 1777 516 1830 enim
528 1776 718 1843 incommodius
728 1781 768 1827 est
781 1771 887 1835 latinus,
903 1769 1033 1831 llinister;
1046 1779 1150 1837 graccus

361 1868 451 1930 habet,
462 1868 608 1928 hiaconns;
620 1864 682 1933 quia
696 1877 760 1916 vere
774 1861 902 1916 diaconus
916 1873 1014 1929 graec,
1029 1857 1150 1911 minister

359 1970 401 2013 est
417 1960 496 2013 latine
506 1976 513 2012 ι
525 1956 657 2026 quomodo
672 1964 773 2025 martyr
787 1968 883 2023 graece,
896 1951 971 2007 testis
981 1950 1076 2014 latioe;
1086 1962 1150 2018 apo·

358 2049 443 2104 stolus
457 2062 553 2117 graec,
579 2049 676 2099 missus
698 2044 788 2098 latine.
813 2043 864 2097 Sed
884 2043 940 2111 jam
963 2039 1150 2097 consuevimus

358 2139 510 2194 inminibus
523 2143 615 2207 graccis
630 2137 666 2190 uti
691 2150 739 2204 pro
754 2133 852 2188 latinis.
868 2133 933 2188 Num
952 2133 1028 2209 multi
1043 2131 1149 2187 codices

358 2229 562 2298 Evangelinrum
575 2227 613 2281 sie
624 2225 734 2288 babent,
750 2224 799 2280 llbi
815 2240 871 2277 sunt
888 2239 943 2293 epo,
956 2223 1010 2276 illie
1024 2232 1047 2275 et
1059 2221 1149 2275 diaco-

358 2337 404 2373 nus
420 2335 498 2372 tineus.
520 2317 576 2371 lloc
590 2326 679 2386 putate
691 2316 801 2381 dicium,
826 2316 886 2385 quin
908 2314 958 2368 huc
977 2323 1018 2367 cst
1035 2313 1146 2379 dietum,

359 2409 408 2464 tttt
420 2426 475 2463 sum
489 2425 542 2478 epa,
559 2409 612 2461 illic
624 2417 646 2462 et
658 2408 779 2461 diaconus
793 2423 872 2460 naeus.
887 2406 957 2476 Ergo
972 2405 1039 2460 benc
1054 2405 1146 2460 diaco-

357 2516 407 2554 uus
429 2501 522 2569 ipsius,
538 2498 646 2552 Domine
658 2496 730 2561 lesu,
746 2498 833 2566 accipe
853 2499 970 2564 spiritum
992 2513 1083 2549 areum.
1107 2494 1147 2548 Tu

356 2592 499 2661 promisisti
521 2589 690 2657 Evaugelium
709 2589 781 2657 legi,
797 2589 971 2658 Evangelium
986 2587 1145 2656 predicavi,

359 2681 408 2736 boi
422 2697 477 2734 suut
492 2697 547 2751 epo,
560 2680 646 2733 illicet
660 2679 781 2733 diaconus
794 2695 873 2732 naeus.
884 2677 981 2732 Exstiti
995 2677 1042 2732 tihi
1057 2676 1147 2731 diacu-

355 2791 406 2830 nus
422 2785 491 2841 tuus,
507 2774 654 2829 ministravi
668 2773 713 2828 tibi
728 2774 882 2842 sanguinem
896 2785 995 2835 mcum,
1012 2770 1087 2839 posui
1097 2782 1146 2838 pru

357 2875 382 2918 te
394 2865 508 2919 animatu
521 2879 623 2930 meam3
639 2861 721 2917 rcdde
732 2861 795 2915 mihi
809 2861 1011 2930 promissionem
1025 2867 1107 2912 tuam.
1142 2900 1144 2905 .

389 2956 501 3011 corbi
521 2955 565 3010 tv.
587 2986 622 2997 —
635 2956 661 3010 l.
682 2953 736 3008 Pro
753 2953 934 3023 lapidatoribus
946 2952 999 3007 suis
1017 2967 1145 3023 turpans

355 3048 407 3115 pro
421 3057 485 3100 ovat.
500 3047 534 3101 Et
546 3046 714 3116 prulndmis,
731 3060 781 3115 pro
796 3044 987 3113 lapidatoribus
1009 3045 1074 3108 suis,
1096 3057 1144 3112 pro

356 3139 472 3190 cernentis
493 3137 626 3202 cordibae,
649 3151 697 3205 pro
716 3134 869 3189 crudelibus
891 3133 986 3187 animis
1008 3134 1143 3204 quomodo

355 3231 455 3282 ιιιιιιΙιι
467 3230 542 3285 Genu
556 3228 622 3283 hait.
636 3229 720 3283 Tanta
735 3227 869 3282 humilitas
878 3225 1017 3297 Stephani,
1032 3240 1143 3295 magnus

353 3329 441 3374 reatus
454 3332 494 3375 est
508 3321 577 3374 illius
589 3318 689 3388 populi.
704 3317 757 3372 Pro
769 3332 799 3374 se
812 3327 887 3372 stans
899 3317 1010 3387 rogavit,
1028 3330 1076 3385 pro
1089 3317 1142 3371 iilis

352 3429 420 3481 parm
441 3412 506 3465 lixit.
529 3411 591 3466 llius
610 3411 660 3464 sihi
678 3409 839 3479 praeposuit?
852 3409 945 3463 Absit:
962 3423 1016 3462 non
1028 3418 1069 3463 est
1080 3423 1141 3463 erc·

352 3501 479 3556 deudum.
500 3501 626 3572 Diligebot
642 3500 780 3556 inimicos:
795 3500 841 3555 sed
856 3499 891 3554 dc
905 3499 1026 3569 proximo
1040 3499 1140 3554 dictum

351 3601 403 3659 est,
415 3592 508 3662 bilipes
520 3591 663 3661 proximum
676 3599 747 3644 tuum
757 3591 820 3644 sicut
831 3599 854 3643 ιι
863 3593 945 3660 ipsum
960 3589 1064 3660 (blutth.
1074 3605 1138 3657 narr,

351 3682 406 3752 59).
421 3683 509 3751 Quare
524 3697 587 3753 ergo
600 3698 670 3751 genu
687 3681 759 3736 brit?
772 3681 837 3749 Quia
852 3681 951 3736 sciebat
972 3696 1002 3735 se
1018 3695 1065 3749 pro
1079 3696 1139 3734 scc-

350 3775 441 3829 lcratis
456 3789 546 3839 orare;
568 3781 594 3827 et
607 3779 706 3843 quanto
723 3780 799 3827 crant
817 3773 854 3825 illi
869 3771 1048 3840 maligniores,
1067 3778 1140 3824 tanto

349 3880 378 3918 se
393 3864 524 3919 dillicilius
540 3863 670 3919 exattdiri.
687 3861 938 3916 Dominnsincruce
949 3859 1078 3928 pendens,
1091 3859 1140 3913 Pa·

349 3965 394 4020 ter,
411 3956 504 4025 iuquit,
517 3957 617 4024 ignosce
630 3954 681 4006 illis
693 3967 702 4005 .·
714 3951 863 4020 Stephanus
873 3950 922 4004 sub
933 3950 1061 4020 lapidibus
1069 3966 1138 4021 genu

349 4046 410 4109 finti,
425 4046 540 4107 Durriae,
555 4062 585 4096 ue
598 4053 693 4098 statuas
702 4043 753 4096 ilh's
762 4044 808 4095 hoc
818 4043 935 4097 delictum
944 4044 1010 4113 (bct.
1023 4047 1081 4114 itt).
1090 4044 1138 4101 Se·

349 4145 424 4188 cutus
445 4145 483 4188 est
509 4135 618 4203 vestigia
645 4134 757 4203 pastoris
771 4135 821 4201 sui,
838 4143 962 4204 tanquam
976 4136 1043 4190 buna
1059 4139 1136 4192 oris:

349 4226 433 4279 honns
446 4240 531 4294 agnus
544 4233 651 4279 secutus
670 4234 711 4279 est
733 4225 847 4295 dgnum,
863 4226 939 4295 cujus
957 4228 1138 4297 sanguistulit

348 4329 484 4381 peecatum
500 4315 599 4369 trirrndi.
611 4315 731 4384 Implevit
745 4317 814 4384 quud
829 4317 866 4370 ait
880 4320 1014 4387 apostolus
1024 4319 1135 4374 Petrus:

348 4406 462 4460 (Iler-istus
474 4422 519 4476 pro
533 4406 604 4458 nobis
626 4422 715 4475 passus
735 4415 780 4472 est,
799 4408 943 4477 relinquens
965 4411 1035 4463 nobis
1054 4427 1136 4464 mem-

347 4498 427 4566 phim,
444 4507 470 4550 ut
483 4513 615 4567 repnentur
625 4498 726 4568 uestigia
738 4499 792 4567 ejus
804 4497 826 4566 (Ι
842 4497 913 4553 Petr.
930 4514 958 4566 tt,
972 4500 1028 4572 bt).

380 4588 493 4645 CAPUT
513 4589 543 4643 v.
556 4618 592 4629 -
602 4590 629 4644 5.
651 4589 795 4659 Stephanus
808 4591 833 4645 in
843 4607 889 4645 sua
899 4594 1014 4663 passione
1026 4595 1136 4650 imitator

345 4680 439 4734 Christi
455 4681 580 4749 potientis.
605 4680 669 4736 ilide
688 4680 823 4736 bominem
846 4693 1003 4753 sequentem
1025 4687 1134 4757 vestigia

347 4771 451 4825 tinniat
466 4771 516 4824 sui.
532 4770 654 4826 Christus
673 4771 803 4838 inemec,
825 4770 914 4839 Pater,
937 4775 963 4827 in
977 4792 1065 4831 munus
1077 4785 1135 4832 tuus

345 4861 490 4917 coritmendo
505 4862 621 4930 spiritum
643 4876 724 4914 meum
735 4879 743 4915 ε
754 4861 903 4932 Stephanus
924 4864 973 4919 snb
991 4866 1132 4936 lapidibus,

347 4952 530 5016 borriinelesu,
540 4953 639 5021 suscipe
651 4952 767 5022 spiritam
775 4967 866 5006 amant.
879 4953 1001 5009 Christus
1009 4956 1034 5009 in
1044 4971 1132 5023 cruce,

346 5042 434 5111 Pater,
456 5044 556 5113 ipuosce
577 5044 639 5107 illis,
655 5045 715 5113 quia
729 5044 840 5098 nesciunt
862 5044 923 5113 quid
945 5047 1042 5117 faciunt
1055 5047 1132 5116 (ere.

344 5150 418 5197 ιιιιι,
430 5134 475 5196 al,
486 5133 532 5206 lh)
543 5151 549 5186 :
565 5133 717 5201 Stephanus
729 5133 779 5190 snb
790 5132 930 5203 lapidibus,
945 5134 1130 5203 bontiuelesu,

344 5240 373 5275 ne
386 5233 482 5276 statuas
496 5224 548 5277 illis
562 5228 609 5277 hoe
621 5224 750 5277 delictum.
762 5224 900 5292 Quomodo
910 5234 1001 5295 posset
1015 5227 1064 5282 iste
1079 5243 1132 5283 non

344 5313 378 5372 ihi
394 5329 452 5366 csse
464 5313 507 5367 uhi
522 5320 579 5369 erat
590 5328 668 5384 quent
678 5323 784 5371 secutus
796 5322 847 5382 est,
859 5316 903 5371 uhi
914 5325 972 5372 erat
980 5334 1058 5388 quem
1070 5319 1132 5372 imi·

344 5409 412 5455 tatus
422 5401 479 5456 est?

379 5490 492 5548 CAPUT
511 5490 554 5547 Vl.
566 5523 600 5534 -
615 5493 641 5548 6.
662 5492 774 5550 Detectio
795 5497 906 5566 corporis
918 5499 983 5570 rjus.
999 5499 1132 5559 Orationes

343 5582 423 5648 ipsine
433 5583 512 5636 uestita
526 5583 670 5651 impetrant,
682 5599 733 5639 non
742 5586 835 5639 omma.
849 5586 1041 5658 Triumphauit,
1052 5605 1132 5647 coro·

345 5682 422 5728 natus
437 5684 487 5729 cst.
498 5673 589 5729 Latuit
600 5684 673 5730 tanto
688 5684 808 5747 tempore
828 5692 926 5748 eorpus
939 5681 1006 5751 ejus,
1025 5698 1132 5752 proces-

325 5778 328 5783 *
344 5767 379 5824 sit
390 5767 495 5837 quando
507 5768 577 5824 bens
587 5768 678 5833 voluit,
690 5770 846 5826 illuminavit
859 5785 953 5843 terras,
965 5786 1037 5835 tanta
1051 5778 1131 5836 mira·

343 5857 403 5914 titia
419 5859 488 5926 lecit,
501 5869 620 5917 mortuus
631 5861 704 5918 vitos
718 5862 777 5920 iacit
787 5873 916 5933 mounes,
927 5872 987 5939 quio
1000 5884 1050 5927 nee
1059 5886 1131 5929 mor·

374 5971 409 6033 tn)
423 5971 505 6034 Furto,
517 5971 662 6036 antipendio.

1051 566 1165 621 scotto
1185 565 1308 624 CCCXX.

1930 593 1995 651 tttt

1210 690 1278 738 tutis.
1293 684 1362 755 Ergo
1377 685 1427 742 hoe
1440 694 1596 748 commendo
1609 694 1737 753 Clraritati
1751 706 1994 769 resumpseritis

1206 774 1275 843 quod
1288 781 1422 834 orationes
1436 781 1494 850 ejus
1507 785 1587 839 intrita
1601 787 1753 858 impetrant,
1769 808 1821 847 nun
1836 804 1922 851 tamen
1935 810 1994 851 om-

1206 866 1259 918 nia.
1272 865 1337 921 Nam
1351 868 1587 931 invcuimusetiam
1596 879 1621 932 iu
1631 880 1725 935 libellis
1738 883 1783 953 qui
1797 884 1902 952 dantur,
1912 886 1994 946 luisse

1205 955 1242 1009 illi
1255 957 1423 1016 dililcultates
1436 963 1604 1034 impetrandi,
1620 977 1647 1024 et
1656 973 1789 1041 accepisse
1799 985 1885 1031 tamea
1900 986 1991 1046 postes

1204 1045 1373 1117 beneficium,
1387 1067 1439 1107 non
1454 1055 1594 1113 deliciente
1607 1062 1733 1130 supplicis
1750 1064 1811 1121 hoe.
1831 1066 1889 1122 Non
1901 1084 1994 1138 cessa·

1205 1145 1259 1190 tum
1279 1148 1328 1205 est,
1345 1151 1448 1197 oratiam
1469 1155 1520 1212 est,
1537 1159 1563 1201 et
1582 1148 1654 1204 dedit
1669 1162 1760 1221 postea
1776 1155 1846 1211 heus
1869 1173 1916 1228 per
1928 1157 1993 1216 Ste-

1203 1225 1332 1295 phanum.
1346 1229 1414 1286 Sunt
1429 1236 1509 1289 verba
1520 1239 1620 1294 orantis
1633 1239 1771 1314 Stephani,
1788 1254 1816 1301 ct
1834 1262 1990 1318 responsura

1203 1326 1244 1370 est
1257 1318 1294 1372 ilii
1305 1337 1312 1372 z
1324 1321 1376 1376 Pro
1388 1339 1439 1392 qna
1452 1342 1514 1381 oras
1529 1339 1634 1385 nonest
1649 1331 1737 1404 digua,
1750 1333 1800 1391 boc
1810 1346 1836 1392 ct
1848 1337 1899 1393 hoc
1919 1339 1991 1394 lecit.

1202 1408 1235 1462 Et
1246 1418 1334 1466 tamen
1349 1413 1452 1479 institit,
1468 1421 1579 1489 rogavit,
1596 1425 1707 1492 aceepit.

1236 1499 1348 1557 carun
1369 1504 1422 1557 ιιι.
1437 1508 1557 1565 -nean
1571 1510 1647 1567 noun
1661 1514 1817 1587 introrepere,
1832 1517 1892 1588 qm
1906 1508 1991 1576 tncass

1199 1588 1242 1658 jus
1257 1593 1363 1647 norriinc
1385 1594 1496 1652 iaciebat
1511 1608 1652 1672 antequam
1670 1619 1777 1661 eariiem
1792 1607 1948 1678 deponeret,
1963 1607 1990 1667 i'n

1201 1680 1259 1748 ejus
1273 1684 1381 1739 nomine
1395 1683 1494 1742 iaciunt
1507 1692 1641 1749 orationes
1651 1694 1708 1764 ejus
1720 1705 1748 1751 ut
1762 1697 1887 1755 bettelicia
1903 1701 1990 1772 impe·

1203 1778 1315 1837 trentur,
1329 1775 1424 1842 quibus
1436 1779 1510 1832 novit
1522 1794 1552 1834 eu
1565 1781 1622 1837 dari
1636 1783 1745 1841 dehere.

1237 1861 1262 1913 t.
1275 1862 1421 1929 Stephanus
1427 1882 1559 1924 mutemus
1569 1883 1661 1941 assim,
1673 1893 1723 1931 non
1736 1895 1782 1948 pro
1794 1879 1847 1934 Deo
1859 1882 1993 1938 colendus.v

1201 1950 1248 2006 lile
1261 1962 1349 2008 autem
1362 1965 1484 2028 tanquam
1497 1976 1591 2017 serv-ns
1603 1975 1671 2020 orat.
1695 1969 1862 2040 Apocohatnr
1879 1975 1989 2044 angelus

1200 2041 1307 2110 quidam
1321 2058 1382 2098 cum
1395 2047 1507 2105 tostino.
1522 2052 1615 2123 argeti
1632 2058 1698 2112 tates
1719 2070 1781 2114 sunt
1801 2062 1870 2131 apim
1892 2065 1987 2131 herrm,

1201 2138 1229 2183 ut
1240 2131 1261 2184 si
1275 2134 1336 2187 boni
1349 2133 1487 2201 laevinus,
1503 2153 1529 2195 et
1544 2144 1660 2212 perfecte
1674 2162 1736 2202 eum
1751 2155 1987 2220 promeruerimus,

1200 2219 1307 2290 Angelis
1317 2239 1471 2292 aequemur:
1488 2229 1579 2298 Erunt,
1600 2235 1676 2304 dixit,
1700 2242 1809 2309 equales
1827 2243 1928 2314 Angelis
1941 2244 1990 2301 bet

1200 2308 1305 2380 (llottb.
1320 2329 1387 2380 nn,
1401 2318 1458 2388 Sti).
1474 2321 1592 2390 Angelus
1605 2328 1760 2384 ostendebat
1768 2337 1849 2386 multa
1861 2337 1989 2394 miracula

1199 2411 1291 2456 sancto
1304 2403 1398 2459 loanrti
1411 2413 1595 2480 evangelium
1611 2418 1730 2474 turbatus
1744 2422 1877 2477 miraculis
1890 2425 1988 2481 adora·

1199 2491 1236 2543 vit
1249 2506 1321 2546 eum.
1335 2496 1463 2556 noomvtt
1472 2499 1553 2555 homo
1562 2505 1702 2573 angelum
1717 2513 1863 2580 etangelus
1876 2514 1987 2570 homini:

1199 2582 1292 2653 Surge,
1308 2587 1369 2655 qtu'tl
1390 2589 1471 2658 sads?
1484 2591 1566 2645 lllum
1586 2596 1686 2652 odora:
1697 2615 1831 2656 sonuerat
1850 2606 1916 2658 enim
1930 2616 1989 2662 ttttts

1196 2689 1254 2727 suin
1267 2684 1290 2728 et
1304 2679 1525 2746 patremmeum
1539 2683 1630 2756 (Apoc.
1646 2703 1702 2755 xix,
1717 2690 1772 2762 lb).

1233 2765 1345 2822 CAPUT
1365 2768 1432 2825 Vlll.
1443 2801 1480 2815 -
1491 2774 1520 2829 Si
1535 2784 1606 2832 tanta
1620 2778 1754 2837 humilitas
1767 2788 1889 2853 apparuit
1900 2788 1927 2841 in
1940 2803 1989 2843 aa·

1197 2857 1265 2926 geio,
1280 2870 1406 2928 quantum
1419 2867 1518 2934 putatis
1530 2882 1591 2924 esse
1612 2870 1710 2928 debere
1724 2874 1750 2929 in
1772 2886 1900 2948 martyre,
1918 2880 1989 2937 sieut

1196 2949 1254 3002 est?
1273 2950 1330 3005 lion
1344 2969 1410 3024 eigo
1420 2958 1562 3015 credamus
1574 2965 1716 3032 superbum
1736 2982 1796 3024 esse
1809 2969 1985 3038 Stephanum,

1195 3053 1256 3094 cum
1272 3053 1395 3111 putamus
1407 3051 1469 3117 qnia
1484 3051 1580 3109 virtute
1604 3068 1652 3109 sua
1676 3057 1738 3112 lacit
1758 3061 1828 3129 qnod
1843 3063 1913 3117 lacit.
1935 3065 1986 3118 Per

1195 3144 1354 3189 conservum
1376 3136 1503 3195 henebma
1524 3156 1672 3213 sortiamus,
1688 3147 1817 3205 horrorem
1832 3160 1859 3206 et
1872 3153 1983 3221 gloriam

1194 3221 1307 3278 Domino
1322 3226 1425 3282 demus,
1438 3230 1507 3298 Quid
1520 3235 1595 3290 vohis
1607 3238 1666 3305 plus
1677 3237 1764 3294 dicam
1779 3249 1805 3296 et
1815 3245 1929 3298 crinitum
1942 3247 1983 3301 lo·

1193 3314 1277 3381 quar?
1291 3316 1385 3387 Legite
1397 3332 1510 3390 quatuor
1522 3341 1615 3380 versus
1624 3343 1691 3397 quos
1705 3330 1730 3383 in
1743 3332 1808 3385 colla
1817 3335 1984 3404 scripsimus,

1193 3404 1282 3474 legite,
1306 3416 1404 3475 tenete,
1427 3415 1453 3466 in
1468 3416 1550 3470 corde
1564 3417 1670 3474 habete.
1691 3421 1833 3490 Propterea
1847 3427 1919 3480 enim
1936 3442 1986 3484 sos

1192 3495 1227 3549 ibi
1242 3498 1357 3554 scribere
1372 3502 1513 3570 voluimus,
1530 3514 1559 3559 ut
1579 3508 1694 3575 quivult
1712 3511 1792 3581 legat,
1808 3517 1916 3583 quotide
1930 3517 1985 3573 vult

1193 3586 1271 3654 legat.
1286 3588 1320 3643 Ut
1333 3578 1427 3645 omnes
1441 3602 1559 3659 teneant,
1582 3596 1643 3651 ideo
1666 3603 1741 3666 pauci
1754 3612 1833 3659 sunt:
1847 3615 1875 3659 ut
1888 3621 1985 3664 munes

1191 3676 1291 3744 legant,
1306 3677 1365 3732 ideo
1380 3681 1483 3747 publice
1493 3683 1585 3750 scripti
1595 3695 1667 3739 sunt.
1679 3687 1736 3742 Non
1746 3703 1861 3758 opusest
1873 3705 1987 3765 utqua-

1191 3777 1265 3819 ratur
1277 3767 1379 3822 codex:
1394 3784 1498 3824 camera
1518 3771 1561 3826 illa
1574 3774 1657 3829 codex
1681 3786 1769 3834 vester
1782 3782 1827 3835 sit.
1842 3785 1984 3854 Aliquanto

1190 3855 1297 3922 quidem
1312 3860 1457 3926 temperius
1467 3860 1546 3914 solito
1558 3867 1754 3931 processimus:
1767 3871 1814 3926 sed
1828 3873 1888 3942 quia
1902 3875 1981 3944 longa

1191 3944 1270 3999 lectio
1283 3947 1394 4001 recitata
1406 3956 1456 4013 est,
1469 3958 1600 4021 etgraves
1616 3965 1699 4012 astus
1710 3969 1781 4023 stitit,
1802 3962 1921 4020 libellum
1932 3969 1984 4022 be-

1190 4034 1347 4090 ncliciorum
1358 4039 1405 4093 [lei
1417 4055 1463 4108 per
1473 4041 1570 4109 ipsum,
1584 4060 1662 4113 quem
1676 4048 1770 4105 lecturi
1782 4051 1862 4110 hodic
1871 4058 1981 4128 tratum,

1190 4126 1217 4180 in
1229 4125 1299 4181 diem
1313 4128 1472 4186 dominicum
1487 4132 1650 4191 differamus.

1424 4245 1745 4328 seuitocccxxp).

1189 4355 1336 4409 Debomiue
1348 4365 1437 4411 sanato
1448 4361 1626 4428 perorationes
1637 4364 1667 4417 S.
1680 4365 1814 4438 Stephani.
1830 4368 1878 4424 Ubi
1892 4373 1978 4445 disprs-

1224 4447 1303 4500 ttinus
1313 4447 1444 4519 episcopus
1454 4466 1480 4503 se
1490 4461 1600 4518 excusat,
1610 4454 1678 4523 quud
1687 4472 1825 4513 sansonem
1835 4464 1918 4531 [acere
1927 4481 1978 4543 nott

1223 4538 1339 4606 potuerit.

1418 4633 1517 4683 adsitus
1527 4634 1580 4697 ipso
1589 4635 1631 4686 die
1642 4637 1745 4691 rasebae.

1224 4733 1261 4787 De
1276 4733 1409 4789 miraculis
1420 4736 1466 4791 Dei
1482 4752 1530 4807 pcr
1547 4740 1681 4796 orationes
1695 4742 1839 4801 beatissimi
1854 4734 1980 4823 martyris¹

1186 4822 1313 4892 Stephani
1326 4824 1429 4880 libellos
1437 4826 1555 4884 solemus
1564 4831 1665 4887 audire.
1676 4833 1793 4893 Libellus
1802 4837 1889 4909 httjus,
1899 4856 1978 4914 aspe-

1186 4926 1244 4972 ctus
1257 4926 1311 4985 est;
1327 4932 1376 4988 pro
1388 4920 1519 4989 scriptura
1533 4923 1634 4989 notitia,
1660 4941 1707 4995 pro
1729 4928 1819 4985 charta
1834 4929 1913 4988 iacies
1928 4935 1977 4990 dc-

1185 5019 1358 5065 moustratur.
1370 5010 1421 5078 Qui
1433 5013 1516 5066 nostis
1531 5014 1593 5083 qnid
1605 5017 1630 5069 iu
1642 5016 1688 5073 illo
1699 5018 1819 5077 dolentes
1829 5024 1920 5080 ridere
1930 5042 1971 5083 so·
2015 5091 2018 5094 ,

1186 5099 1273 5166 lentis,
1294 5099 1460 5168 inpraesenti
1479 5101 1624 5170 gaudentes
1642 5104 1722 5176 legite
1736 5107 1807 5177 quod
1820 5111 1930 5170 ridetis:
1948 5125 1977 5174 ut

1186 5190 1315 5245 britannus
1328 5190 1398 5244 neus
1409 5199 1502 5245 noster
1514 5192 1691 5250 abundantius
1701 5196 1855 5268 honoretur,
1867 5213 1895 5260 et
1904 5207 1976 5277 quod
2004 5255 2008 5277 ,

1185 5282 1211 5335 in
1227 5281 1315 5335 libello
1324 5281 1503 5351 conscriptum
1517 5291 1570 5352 cst,
1583 5282 1610 5339 in
1624 5297 1739 5342 vestram
1748 5294 1903 5375 ammoniam
1912 5312 1976 5352 con·
1993 5286 1999 5383 ‘p

1184 5371 1324 5426 scribatur.
1344 5371 1410 5427 Date
1425 5371 1538 5437 reniam,
1560 5375 1621 5445 quia
1640 5375 1793 5436 diiuumum
1815 5398 1868 5439 non
1891 5388 1973 5445 reddo

1184 5476 1335 5517 sermonem
1346 5477 1353 5516 ι
1366 5462 1449 5517 nostis
1461 5464 1558 5519 etenim
1573 5464 1753 5538 fatigationem
1767 5487 1864 5529 tineam.
1875 5475 1908 5532 lit
1917 5478 1976 5539 heri

1182 5552 1289 5622 ieiunus
1305 5560 1376 5606 tanta
1387 5567 1466 5622 agero
1479 5569 1583 5625 possem
1596 5567 1623 5612 ιι
1637 5573 1690 5614 non
1700 5559 1825 5627 deficere,
1841 5576 1868 5621 ut
1883 5576 1909 5622 ct
1923 5568 1975 5624 ho·

1184 5642 1228 5699 die
1242 5641 1378 5697 vobiscum
1394 5644 1494 5716 loquar,
1512 5648 1645 5705 orationes
1659 5651 1743 5707 salicti
1761 5653 1889 5726 Stephani
1902 5674 1974 5731 prae·

1184 5735 1320 5790 stiterunt.
1337 5734 1465 5793 Conversi
1479 5736 1512 5792 ad
1526 5736 1676 5810 hominum,
1691 5753 1743 5798 cte.

1216 5869 1376 5919 ‘sermonem
1395 5871 1459 5921 bime
1484 5878 1510 5923 et
1530 5883 1634 5937 quatuor
1654 5881 1765 5943 proxime
1788 5895 1922 5947 soquentes
1939 5891 1972 5940 ah

1184 5927 1322 5979 ulimmerio
1334 5934 1435 5992 primum
1448 5934 1573 5999 vulgatos,
1586 5951 1634 5990 oon
1644 5941 1748 5993 risbrmts
1760 5945 1784 5994 in
1796 5952 1974 6013 manuscriptis,

1121 6029 1129 6049 ,
1218 5991 1374 6054 (triaiiosdc
1386 5996 1489 6045 Diversis
1500 5997 1539 6048 ἔ).
