4759 6684
362 575 397 613 ar

358 676 419 718 mus
441 657 636 717 abundantiam
657 672 672 712 a
694 655 828 712 tertilitate
850 663 926 710 terrae
943 668 949 704 ι
966 648 1003 703 sic
1025 654 1066 702 cst
1084 643 1156 699 eoim

359 751 517 808 bertetictus
529 747 613 807 Jacob
628 745 703 817 (Ces.
716 763 805 814 ssent,
818 746 863 816 28)
882 763 887 798 :
900 744 934 798 att
949 758 1010 800 cum
1021 742 1155 814 pertinea-

360 860 440 907 mus,
455 853 483 898 et
503 855 557 896 nou
572 838 716 895 carnaliter
729 837 859 892 tiramus.
881 835 949 904 Quia
973 833 1154 904 unusquisque

362 936 456 1006 incipit
467 932 611 990 esmattter
620 931 710 987 virere
722 971 730 996 ,
744 930 806 985 ideo
828 929 912 999 major
931 926 1018 982 dietus
1030 935 1072 982 cst
1086 923 1157 980 Esau

366 1027 422 1098 tid.
444 1043 516 1094 xrs,
537 1022 598 1096 23).
621 1024 679 1080 Duo
696 1023 867 1080 Testamenta
884 1021 1009 1076 dicuntur
1021 1019 1047 1074 in
1066 1019 1156 1089 Lege,

366 1136 445 1175 unum
460 1119 559 1183 Vetus,
574 1126 602 1173 ct
617 1117 732 1173 sltemm
743 1114 857 1173 Novum.
872 1114 956 1170 Vetus
966 1112 1158 1184 promissiones

363 1209 476 1266 babebat
490 1208 675 1280 temporales,
695 1208 743 1264 sed
763 1205 972 1278 significationes
992 1204 1156 1276 spirituales.

361 1301 485 1358 lutendat
502 1300 627 1358 Charitas
653 1308 753 1356 restra.
784 1298 813 1355 Si
837 1298 969 1368 promissa
990 1306 1032 1353 cst
1057 1295 1158 1352 ludaeis

360 1404 433 1452 terra
457 1393 690 1465 repmmissionis,
714 1390 845 1464 significat
866 1389 966 1461 aliquid
984 1388 1159 1460 spiritualiter

361 1498 434 1544 terra
448 1485 667 1558 repromissionis
682 1502 689 1541 :
702 1485 725 1541 si
738 1483 870 1555 promissa
889 1492 931 1538 est
943 1482 1045 1540 ludaeis
1064 1482 1160 1537 civitas

361 1583 437 1652 pacis
446 1580 607 1644 Jerusalem,
622 1576 863 1648 sigtriticatatiquid
876 1590 975 1630 nomen
986 1575 1102 1630 civitatis
1112 1573 1159 1630 lc·

363 1673 482 1727 rusalcm
504 1688 514 1726 a
536 1671 558 1726 si
581 1668 643 1726 data
666 1677 709 1724 est
728 1666 830 1723 tureis
856 1665 1025 1722 circumcisio
1048 1665 1157 1733 carnis,

362 1761 499 1831 significat
518 1758 634 1829 aliquam
658 1757 827 1827 spiritualem
845 1755 1077 1813 circumcisionem
1102 1772 1109 1809 :
1134 1753 1158 1809 si

358 1849 430 1921 iussi
448 1858 511 1905 sunt
529 1847 617 1904 iudei
630 1861 712 1902 onum
727 1845 800 1902 diem
815 1845 956 1901 sabbatum
970 1845 1113 1900 observare
1126 1843 1159 1899 de

363 1951 472 2011 septem
492 1939 603 2004 diebus,
618 1937 752 2009 siguificat
763 1936 930 2008 spiritualem
944 1938 1081 2007 quietem,
1098 1952 1158 2007 qum

365 2047 422 2088 non
434 2032 515 2087 babet
528 2045 676 2102 vesperam.
687 2028 755 2085 Nam
767 2037 795 2085 st
806 2028 834 2084 in
846 2027 911 2099 ipsis
933 2037 1034 2098 septem
1045 2027 1156 2094 dicbus,

279 2124 289 2138 “
365 2124 391 2178 io
413 2121 511 2178 Genesi
535 2122 563 2177 iu
587 2121 712 2178 omnibus
730 2120 826 2177 dicbus
838 2120 939 2176 dictum
953 2129 1014 2188 est,
1031 2119 1158 2175 Foctuest

364 2228 466 2284 uespere
481 2211 539 2282 (ld.
554 2211 575 2285 r)
592 2212 640 2266 :iu
658 2211 774 2281 septimo
796 2209 841 2266 die
860 2224 914 2266 uon
938 2210 1055 2278 dicitur,
1075 2210 1156 2267 Facta

361 2313 405 2361 est
425 2318 550 2374 vespera.
568 2302 687 2374 Septimo
710 2302 754 2359 die
768 2303 814 2373 qui
833 2317 974 2373 uesperam
989 2318 1042 2358 nou
1056 2303 1156 2369 babet,

262 2457 271 2467 ,
362 2395 531 2466 significatur
543 2394 622 2451 nobis
634 2394 741 2467 requies
752 2394 914 2465 sempiterna
927 2434 935 2460 ,
951 2395 995 2450 ubi
1018 2396 1104 2452 oottus
1117 2406 1158 2453 est

362 2502 488 2544 occasus.
506 2486 536 2544 Si
549 2486 610 2543 data
623 2496 685 2542 sunt
703 2485 833 2542 sacrificia
847 2485 947 2542 ludaeis
958 2487 1091 2551 carnalia,
1110 2501 1159 2558 per

364 2581 487 2635 uictimas
499 2578 655 2634 animalium
668 2578 758 2633 omnia
771 2577 921 2649 signiticaut
939 2559 1163 2648 sacriticiaspiri-'

364 2671 458 2725 toalia.

402 2760 513 2816 uteba
525 2760 1081 2832 ltili-Trgoqoisicintellexeruntqoasi
1090 2778 1158 2834 prac-

366 2867 433 2909 ssns
450 2853 501 2908 illis
512 2851 613 2924 aliquid
625 2852 736 2909 daretur
744 2869 792 2923 pro
803 2868 911 2924 magno,
923 2864 951 2909 ct
961 2853 1077 2909 tutorum
1093 2854 1157 2910 nibil

365 2943 544 3015 quaesierunt,
567 2959 617 3000 uec
628 2944 802 3014 spiritualiter
815 2961 846 3002 ca
865 2962 925 3016 qum
936 2949 1078 3003 carnaliter
1091 2964 1157 3017 age·

365 3036 485 3103 bantur,
525 3034 675 3106 intelligere
689 3035 850 3102 saisierunt,
873 3037 906 3092 ad
930 3037 1059 3106 majorem
1075 3039 1158 3093 tilium

365 3128 511 3196 pertinent,
526 3126 560 3182 ad
573 3135 650 3182 setus
659 3125 861 3183 Testamentum
874 3129 1017 3198 pertinent.

403 3219 430 3273 9.
438 3217 589 3272 Testamenti
600 3215 696 3273 Veteris
704 3226 727 3271 et
735 3217 801 3272 Noai
809 3219 943 3273 discrimen
953 3220 1157 3274 etcousonmuiu.

368 3309 456 3365 Tetus
470 3307 542 3364 enim
563 3308 761 3365 Testamentum
778 3318 821 3365 est
845 3310 986 3379 promissio
1023 3310 1157 3380 ttgoratu:

367 3401 475 3456 Notum
486 3401 886 3472 Testamentumestpromissio
897 3403 1072 3474 spiritualiter
1083 3405 1160 3460 intet-

366 3491 449 3548 lecta.
462 3492 529 3547 Cum
543 3492 615 3548 cuim
630 3491 780 3548 Jerusalem
795 3508 855 3562 quse
868 3494 917 3551 tou
928 3496 955 3549 in
972 3504 1061 3558 terra,
1077 3497 1159 3566 perti·

367 3589 434 3636 nest
451 3580 485 3636 ad
497 3580 577 3638 Tetus
590 3581 809 3650 Testamentum,
825 3585 966 3655 imaginem
977 3585 1057 3641 babet
1066 3588 1099 3643 ad
1113 3588 1158 3645 le·

366 3672 484 3727 rusatetu
507 3688 568 3743 quac
590 3682 633 3732 cst
650 3673 678 3729 in
700 3674 787 3739 emto,
812 3683 841 3730 et
865 3676 979 3745 pertinet
1000 3678 1034 3732 att
1055 3678 1158 3734 Naum

364 3762 580 3819 Testamentum.
597 3764 771 3820 Circumcisio
782 3766 896 3821 carnalis
903 3768 1018 3836 pertinet
1028 3770 1061 3824 ad
1079 3770 1160 3827 Vetus

366 3853 569 3908 Testamentum
582 3853 774 3910 :circumcisio
787 3855 875 3910 cordis
882 3857 999 3926 pertinet
1010 3859 1044 3913 ad
1058 3860 1159 3916 Novum

366 3943 568 3999 Testamentum
585 3945 606 4001 ¹.
628 3944 771 4001 liberatur
792 3949 938 4004 secundom
954 3948 1038 4005 Vetus
1065 3951 1159 4006 Testa·

366 4043 487 4090 mentum
509 4035 623 4106 populus
641 4035 675 4093 de
696 4036 815 4109 AEgypto
835 4056 842 4092 :
865 4039 993 4095 liberatur
1013 4044 1159 4097 secundum

365 4125 475 4181 Nurum
489 4126 688 4184 Testamentum
706 4129 819 4200 popolus
832 4145 848 4185 a
862 4131 978 4186 diabolo.
1001 4133 1160 4189 Persecuto-

365 4215 878 4291 rcsAEgypttietharaoperseqountrrr
892 4231 1022 4278 exeuntes
1033 4223 1067 4278 de
1079 4223 1159 4297 AEgy·

340 4304 342 4308 ’
366 4316 413 4378 pto
427 4306 536 4364 ludaeos
547 4319 759 4380 :persequuntur
774 4313 898 4381 populum
911 4311 1084 4368 cbristianmn
1097 4330 1159 4383 pec-

366 4410 424 4456 cata
441 4400 559 4470 ipsorum
580 4410 609 4456 et
627 4401 750 4457 diabotus
768 4405 893 4472 princeps
907 4414 1087 4474 peccatorum.
1107 4407 1159 4464 Sed

366 4494 436 4549 sicut
447 4492 555 4550 ludaeos
572 4494 703 4566 usquead
721 4510 794 4550 mare
809 4506 1005 4566 persequuntur
1019 4497 1159 4568 AEgyptii3

367 4587 406 4639 sic
413 4585 580 4642 Christianos
587 4585 712 4657 usquead
723 4581 886 4655 bsptisumro
897 4599 1091 4658 persequuntur
1099 4604 1160 4659 pec-

365 4688 435 4736 esta.

402 4770 516 4827 CAPUT
545 4771 591 4826 tx.
604 4802 640 4814 -
655 4771 763 4829 Eretum
787 4781 823 4828 est
855 4772 993 4827 cirristieuo
1020 4774 1061 4826 trie
1087 4789 1161 4828 otuu-

368 4861 429 4915 dus.
451 4860 601 4929 intendite,
627 4863 744 4929 tratres,
771 4872 799 4919 et
822 4863 910 4919 uidete
926 4881 933 4918 a
950 4863 1097 4919 liberantur
1113 4881 1160 4934 per

367 4965 447 5008 mare
475 4952 575 5020 iudaei,
600 4955 749 5010 obumntor
777 4956 803 5010 in
825 4955 892 5009 mau‘
916 4954 1033 5026 AEgyptii
1059 4974 1066 5010 :
1093 4956 1160 5012 libe·

367 5051 463 5097 rantur
484 5034 642 5099 Christiani
657 5045 683 5098 in
714 5045 872 5101 remissione
899 5055 1084 5115 peccatorum,
1113 5046 1161 5102 de·

368 5136 457 5190 lentur
468 5146 576 5206 peecata
590 5153 638 5207 per
647 5138 821 5208 baptismum.
834 5137 938 5192 Etcum
948 5146 1008 5207 post
1020 5152 1094 5194 utare
1106 5139 1160 5194 liu·

369 5228 464 5295 brom,
486 5236 515 5284 ct
533 5230 670 5284 ambulant
691 5244 739 5298 per
759 5243 879 5285 creatum
894 5246 900 5280 ε
916 5230 955 5283 sic
973 5238 1000 5284 et
1016 5226 1158 5284 Christiani

366 5318 600 5389 postbaptismum
609 5319 729 5375 nondum
741 5327 804 5373 suut
817 5319 923 5375 interra
933 5320 1158 5387 repromissionis,

365 5411 413 5465 scd
429 5421 491 5465 suut
507 5413 534 5464 iu
551 5425 610 5479 spe.
627 5410 758 5465 Secutum
772 5418 861 5464 antem
873 5409 1040 5466 noceremus
1054 5418 1115 5474 est;
1134 5419 1161 5463 et

369 5512 435 5553 rere
444 5497 589 5554 christiano
599 5507 640 5554 est
651 5513 757 5554 eremus
770 5507 829 5567 post
839 5498 1013 5569 [baptismum
1025 5499 1046 5553 si
1061 5499 1161 5554 intelli·

365 5599 413 5660 gat
425 5589 614 5660 quodaceepit.
627 5589 655 5646 Si
670 5605 722 5644 uon
736 5589 1061 5660 solumsignacorporalia
1076 5591 1102 5645 iu
1114 5591 1159 5644 itio

367 5680 442 5745 tunt,
450 5680 498 5735 sed
508 5680 617 5736 sietiam
630 5681 656 5737 in
665 5681 746 5738 corde
756 5681 900 5751 spiritualis
908 5681 1028 5748 effectus,
1038 5681 1160 5753 intelligit

399 5838 408 5870 ¹
421 5837 505 5888 isthac
512 5841 645 5899 sententia,
653 5839 922 5892 cirrtmtrisioruruult's
933 5839 1033 5904 pertinet
1044 5841 1078 5893 att
1090 5850 1159 5894 t'cttts

368 5903 540 5951 twauteutunr
551 5915 560 5952 .·
572 5902 738 5962 circuncisio,
755 5913 821 5963 etc..
838 5903 926 5952 otnissa
943 5903 967 5951 iu
986 5904 1057 5954 editis
1069 5905 1157 5955 irrorat.

362 5957 506 6011 destituitur
516 5975 546 6012 ex
557 5969 595 6013 tls
606 5966 675 6012 corb.

1102 521 1216 579 stitutb
1236 520 1279 574 ll'.
1969 523 2004 580 «11

1211 636 1261 692 sibi
1272 650 1458 692 erentumesse
1471 637 1549 691 istum
1565 638 1831 709 mutotom,iotetligit
1841 640 1867 692 io
1885 655 1999 710 purequ-

1212 711 1318 782 natione
1340 742 1369 782 se
1392 731 1499 795 nivere,
1525 730 1635 799 patriam
1657 731 1811 786 desiderare
1832 731 1883 803 (u).
1904 733 2003 801 Qunam·

1211 821 1255 875 diu
1277 831 1364 876 autem
1378 822 1524 889 desiderat,
1541 824 1566 877 io
1581 839 1628 893 spe
1640 834 1690 878 est.
1717 824 1771 896 Spe
1784 826 1850 878 uuus
1867 825 1932 879 sutri
1945 826 2005 898 {acb

1211 927 1306 965 saurus.
1321 911 1387 982 Spes
1406 924 1490 967 autern
1513 929 1569 982 qtttc
1594 915 1707 980 rideam,
1729 932 1779 970 nou
1790 926 1827 970 est
1845 933 1902 986 spes
1916 932 1925 970 :
1937 919 2005 989 qttott

1210 1003 1277 1057 euim
1288 1003 1353 1059 sidet
1366 1005 1436 1076 quis,
1451 1003 1512 1075 quid
1526 1006 1632 1074 sperat?
1646 1007 1677 1060 Si
1693 1017 1776 1062 nutem
1788 1009 1856 1078 quod
1870 1026 1920 1064 nou
1933 1010 2004 1065 ride·

1211 1111 1277 1162 mus,
1288 1111 1427 1165 speronius,
1439 1113 1484 1167 per
1499 1096 1644 1166 potientium
1657 1109 1830 1164 exspectemus
1841 1100 1928 1170 (Rom.
1941 1117 2004 1168 rut,

1211 1183 1258 1251 st,
1274 1185 1332 1256 25).
1345 1184 1397 1239 tsu
1412 1186 1536 1256 patientia
1549 1186 1575 1240 iu
1588 1204 1678 1241 ereum
1690 1187 1752 1243 tacit
1765 1189 1863 1260 aliquid
1878 1206 2003 1260 sperare:

1212 1273 1301 1345 sijum
1324 1289 1353 1329 se
1368 1285 1442 1345 putat
1456 1277 1482 1330 in
1497 1277 1579 1346 patria
1594 1320 1601 1343 ,
1625 1294 1676 1331 nrm
1692 1279 1856 1346 pervenitad
1870 1283 1982 1350 patriam
1996 1300 2003 1335 ε

1211 1364 1234 1419 si
1246 1364 1302 1435 jam
1315 1381 1345 1421 sc
1359 1376 1432 1435 putat
1446 1366 1472 1419 io
1489 1368 1591 1436 patria,
1606 1378 1727 1423 renunet
1741 1369 1767 1423 iu
1788 1369 1829 1425 via
1845 1379 1893 1425 :ut
1915 1381 2006 1429 autent

1213 1470 1265 1510 non
1285 1467 1421 1511 remaneat
1444 1457 1469 1510 in
1483 1458 1540 1522 ria,
1557 1467 1647 1528 speret
1658 1461 1788 1529 patriam,
1809 1461 1943 1517 desideret
1958 1478 2004 1533 pa·

1211 1551 1300 1616 triam,
1314 1566 1347 1606 nc
1361 1551 1458 1605 deviet.
1473 1551 1539 1606 Nam
1549 1563 1692 1607 occurrunt
1707 1555 1884 1609 tentationes:
1900 1558 1934 1610 ito
1945 1567 2006 1626 post

1213 1643 1377 1713 Baptismum
1393 1654 1545 1698 occurrunt.
1560 1643 1635 1699 Sicut
1648 1646 1717 1699 enim
1733 1661 1785 1703 non
1799 1647 1848 1701 soti
1862 1657 1938 1702 erant
1957 1648 2005 1702 bo·

1212 1745 1266 1792 stes
1279 1736 1430 1792 iudeorum
1445 1737 1578 1809 AEgpptii‚
1595 1738 1638 1808 qui
1655 1738 1715 1792 illos
1727 1739 1761 1792 ab
1775 1737 1892 1810 AEgypto
1911 1754 2004 1809 persc-

1212 1827 1360 1896 qoebantur
1375 1827 1436 1899 (ipsi
1450 1829 1521 1882 enim
1537 1829 1661 1898 praeteriti
1674 1830 1764 1884 trostes
1774 1839 1860 1894 eraut,
1872 1831 2006 1899 quomodo

1212 1933 1427 1987 unouupremque
1442 1919 1611 1988 persequitur
1624 1920 1760 1988 preterita
1771 1921 1825 1974 vita
1838 1935 1885 1973 sua
1900 1929 1927 1975 ct
1938 1936 2007 1991 prar-

1212 2009 1289 2063 tcrita
1314 2019 1422 2079 peecata
1444 2025 1491 2063 sua
1512 2025 1572 2064 com
1593 2011 1710 2080 principe
1734 2025 1784 2065 suo
1796 2010 1934 2083 diabolo),
1958 2013 2006 2067 sert

1212 2100 1373 2154 exstiterunt
1386 2101 1411 2153 iu
1424 2115 1531 2165 eremo,
1551 2102 1595 2172 qui
1613 2102 1711 2157 uellent
1726 2102 1854 2172 impedire
1872 2103 1942 2157 viam
1954 2119 1963 2168 ;
1977 2113 2006 2160 et

1211 2199 1357 2264 pugnatum
1369 2200 1410 2247 cst
1422 2207 1482 2247 cum
1496 2193 1559 2260 illis,
1575 2202 1602 2248 et
1616 2194 1678 2248 vieti
1692 2204 1754 2249 sunt
1767 2211 1774 2248 τ
1789 2196 1828 2250 sic
1843 2179 1901 2265 post
1916 2195 2004 2265 Rapti-

1211 2301 1298 2340 smum
1313 2301 1374 2341 cum
1390 2287 1503 2356 coepcrit
1515 2287 1650 2343 antlmlore
1664 2287 1824 2342 ‹irristiauus
1835 2291 1903 2342 rium
1917 2288 2007 2344 cordis

1212 2375 1252 2429 sui
1268 2376 1294 2429 iu
1310 2390 1357 2444 spe
1372 2377 1563 2444 promissorum
1580 2377 1636 2440 Dei,
1651 2394 1703 2430 nrm
1719 2377 1818 2431 deriet.
1835 2378 1900 2432 Nom
1912 2395 2005 2434 ocrur·

1212 2476 1275 2521 runt
1297 2467 1457 2521 tentationes
1474 2467 1547 2520 aliud
1566 2467 1664 2535 aliquid
1688 2478 1878 2536 suggerentem,
1896 2469 2007 2524 delicias

1212 2556 1291 2626 lmjus
1306 2557 1413 2619 tuumli,
1428 2557 1506 2610 aliam
1522 2558 1665 2627 quamdam
1681 2558 1778 2623 titum,
1793 2569 1820 2613 ut
1833 2576 2008 2631 unumquem-

1211 2661 1263 2716 que
1278 2646 1311 2702 de
1324 2646 1366 2700 ria
1380 2645 1570 2716 detorqueant,
1584 2656 1612 2701 ct
1633 2663 1647 2700 a
1663 2650 1799 2718 proposito
1816 2649 1959 2706 abducunt.
1977 2651 2007 2708 si

1211 2745 1300 2793 autem
1316 2737 1367 2791 isto
1380 2737 1528 2794 desiderio¹
1541 2739 1605 2794 istas
1616 2742 1797 2809 suggestiones
1808 2742 1931 2809 eviceris,
1945 2744 2006 2798 viu-

1211 2838 1308 2884 cuntur
1321 2829 1411 2885 ltostcs
1422 2830 1447 2884 io
1459 2832 1546 2894 viaet
1556 2830 1708 2900 perducitur
1720 2833 1832 2902 populus
1841 2832 1874 2887 ad
1883 2834 2006 2904 patriam.

1247 2919 1361 2976 CAPUT
1372 2919 1486 2975 ll.-ltt.
1498 2919 1522 2973 F
1523 2922 1602 2991 iqurur
1608 2920 1946 2991 nostrumqruelsroelitico
1956 2942 2002 2993 po·

1213 3009 1274 3079 pulo
1288 3010 1455 3080 contigerunt.
1480 3011 1548 3064 tout
1566 3011 1821 3083 apostolumque
1844 3014 1892 3068 ista
1913 3014 2004 3086 ligure

1212 3110 1310 3154 nostrie
1324 3101 1440 3155 inerunt.
1451 3099 1518 3153 Nolo
1527 3102 1602 3165 euirtt,
1615 3102 1760 3172 inquit,oos
1769 3104 1895 3174 iquorure,
1904 3109 2006 3175 fratres,

1218 3193 1278 3263 quio
1290 3208 1376 3245 nurues
1390 3201 1474 3261 potres
1489 3194 1567 3247 uostri
1580 3195 1626 3248 suit
1641 3195 1705 3248 rutbe
1715 3196 1826 3263 irruunt.
1838 3195 1866 3251 Si
1880 3199 1926 3250 sub
1944 3197 2009 3252 trade

1212 3288 1331 3356 sacroru,
1347 3284 1398 3339 sub
1411 3284 1524 3355 caligine
1539 3285 1656 3340 tuertmt.
1672 3286 1739 3353 Quid
1756 3297 1816 3350 est,
1833 3287 1883 3342 sub
1895 3289 2008 3360 caligine

1214 3373 1341 3429 luerunt?
1365 3374 1423 3430 b'oo
1447 3377 1487 3429 eis
1510 3375 1716 3445 intelligentibus
1737 3377 1928 3448 spiritualiter,
1948 3396 2007 3449 que

1212 3482 1273 3521 cum
1295 3468 1334 3521 eis
1349 3466 1529 3536 corporaliter
1546 3469 1701 3538 agettantur.
1719 3468 1752 3522 Et
1770 3487 1857 3525 omues
1876 3489 1920 3542 per
1939 3488 2009 3526 utura

1213 3558 1366 3612 transierunt
1380 3600 1388 3622 ,
1408 3568 1431 3610 ct
1445 3575 1531 3613 outnes
1543 3561 1569 3613 iu
1585 3559 1673 3632 llopse
1686 3560 1807 3630 baptisati
1819 3573 1894 3628 sunt,
1911 3573 1936 3617 et
1947 3580 2005 3617 otu-

1213 3665 1256 3700 ucs
1262 3648 1376 3702 euntdrm
1385 3651 1630 3721 cituruspirituolem
1638 3654 1958 3708 struutlnruseruut.[)attum
1965 3663 2009 3710 est

1212 3739 1283 3793 cuim
1299 3740 1352 3795 itus
1366 3756 1463 3795 manua
1483 3741 1628 3797 iudcserto
1650 3742 1746 3815 (Ernst.
1767 3760 1824 3808 stt,
1850 3744 1915 3816 15),
1936 3746 2006 3800 sieut

1213 3829 1291 3885 nobis
1313 3831 1391 3885 dator
1417 3832 1530 3887 dulcedo
1550 3834 1766 3904 Scriptumront,
1789 3847 1817 3890 ut
1838 3837 1965 3892 duremus
1980 3840 2006 3892 iu

1213 3921 1263 3975 ista
1277 3936 1369 3976 cremo
1380 3923 1441 3976 vitu
1458 3923 1591 3978 ltumanre.
1609 3925 1749 3980 lituorum
1764 3929 1843 3996 quale
1857 3944 1952 3983 utauna
1963 3946 2007 3985 nc·

1213 4011 1314 4082 cipiunt
1325 4012 1479 4078 Christiani,
1492 4013 1587 4082 quibus
1599 4014 1666 4069 dixit
1682 4016 1738 4087 ipse
1752 4017 1883 4084 Psalmus,
1901 4018 2007 4074 Gustare

1212 4110 1236 4155 et
1247 4101 1340 4168 uidete,
1353 4119 1429 4173 quum
1443 4105 1528 4158 suasis
1541 4115 1577 4158 est
1600 4104 1723 4161 Dentinus
1745 4107 1828 4181 (Psoi.
1848 4125 1951 4173 stunt,
1965 4109 2006 4177 9).

1214 4193 1248 4247 Et
1259 4211 1354 4260 omncs,
1376 4196 1476 4264 inquit,
1492 4197 1608 4250 eutudem
1625 4198 1707 4251 cibum
1727 4201 1883 4269 spirituatem
1899 4203 2006 4254 utentiu-

1213 4295 1339 4338 coocrttnt.
1361 4286 1428 4353 Quid
1444 4289 1620 4353 est,eunuteus
1632 4289 1644 4340 t
1658 4288 1728 4341 idem
1745 4289 1949 4357 significantem.
1972 4290 2006 4343 tt

1213 4390 1298 4428 outtrcs
1311 4376 1426 4428 eurttdeur
1443 4386 1530 4445 potunt
1546 4355 1703 4444 spiritualem
1717 4377 1839 4432 biberuut.
1856 4381 1888 4434 Et
1899 4381 2006 4436 attentio

1213 4465 1347 4536 quomodo
1361 4480 1438 4518 unam
1453 4480 1510 4520 rem
1520 4467 1651 4537 cxpmuit,
1663 4479 1690 4521 ct
1704 4479 1799 4522 caetera
1814 4472 1913 4523 saeuit:
1930 4469 2006 4524 Bibe-

1213 4557 1271 4611 bttut
1287 4561 1353 4612 cuiut
1370 4558 1402 4612 dc
1412 4559 1541 4628 spirituaii
1552 4571 1668 4631 sequente
1678 4573 1768 4630 petru,·
1781 4573 1851 4632 petru
1862 4575 1943 4616 outetu
1954 4580 2007 4618 erut

1213 4651 1336 4708 Christos.
1357 4651 1417 4707 litor
1431 4664 1514 4706 entem
1527 4654 1616 4723 pipare
1628 4664 1721 4709 nostre
1731 4659 1831 4726 [nuum
1844 4656 1871 4728 (l
1892 4657 1950 4710 Cor.
1967 4673 2004 4724 x,

1213 4745 1282 4814 t-o).
1299 4744 1427 4799 lllissuut
1444 4745 1579 4807 exhibitus,
1595 4741 1641 4799 sc'd
1657 4745 1747 4815 stgttuu
1761 4754 1858 4801 nostrus
1879 4746 2004 4801 luerunt:

1212 4836 1274 4905 quin
1290 4835 1341 4890 illis
1354 4838 1528 4904 corporaliter
1543 4836 1754 4900 caltiltelnmtur,
1770 4838 1845 4892 uobis
1859 4839 2005 4908 spirituali·

1214 4934 1254 4981 ter
1273 4927 1499 4996 significabantur.
1522 4928 1592 4998 lingo
1612 4928 1646 4981 illi
1663 4931 1707 4999 qui
1727 4932 1904 5000 corporaliter
1919 4950 1948 4985 ea
1965 4943 2005 4988 tc·

1213 5025 1344 5080 nueruut,
1359 5017 1390 5069 atl
1406 5017 1485 5071 Vetus
1497 5018 1695 5073 Tc=tatucotmu
1709 5023 1901 5088 pettitumrout.

1248 5105 1360 5160 Celi'UT
1374 5104 1501 5159 itt-rt.
1512 5105 1586 5159 isone
1592 5118 1615 5159 et
1626 5107 1735 5160 Rebecca
1741 5109 1766 5161 in
1779 5111 1947 5163 bertcrlietioue
1955 5111 2004 5163 iu·

1212 5197 1268 5260 col,
1280 5195 1340 5264 qttt'rl
1354 5196 1506 5265 fiqttrobuut.
1518 5198 1558 5250 Ad
1566 5196 1705 5252 Ecclesium
1716 5200 1840 5270 pertinent
1849 5217 1935 5254 orrtues
1945 5218 2004 5254 sou·

1212 5289 1254 5340 cti.
1269 5285 1327 5341 lam
1343 5286 1430 5341 sirleto
1444 5289 1505 5355 quia
1525 5300 1650 5342 senuerat
1669 5288 1750 5344 lsaac.
1768 5290 1849 5359 Cujus
1863 5306 2003 5360 personam

1213 5376 1295 5446 gessit
1317 5375 1399 5439 lsaac,
1414 5376 1520 5445 quando
1541 5378 1624 5432 rotrtit
1647 5379 1805 5435 benedicere
1830 5381 1911 5436 tilium
1927 5398 2004 5438 soom

1212 5472 1339 5538 majorem
1350 5466 1427 5539 (Ceu.
1442 5484 1526 5533 usu,
1540 5469 1652 5540 illlam
1666 5481 1789 5526 seortrrat
1802 5491 1807 5526 :
1819 5473 1861 5528 ubi
1870 5485 2002 5540 senectus,

1213 5569 1345 5625 vctttstas;
1360 5575 1408 5629 per
1419 5571 1582 5616 senectutem
1596 5563 1715 5633 intelligo
1731 5573 1903 5627 retostatetu;
1918 5576 1944 5619 et
1959 5581 2003 5633 per

1213 5658 1372 5705 vetustatem
1389 5651 1508 5722 intelligo
1530 5652 1612 5709 Vetus
1634 5654 1844 5709 Testamentum.
1860 5654 1915 5709 lloo
1939 5670 2003 5724 crgo

1212 5742 1297 5800 Vetus
1317 5743 1516 5801 Testamentum
1537 5747 1598 5816 quia
1620 5747 1723 5802 illinon
1747 5747 1943 5818 intelligebant,
1956 5750 2004 5819 qni

1247 5908 1255 5939 ¹
1267 5905 1420 5955 rrrbeicnsis
1430 5911 1482 5960 its,
1494 5903 1540 5953 istu
1552 5901 1681 5954 ttesittrrin.

1247 5970 1284 6027 (a)
1296 5966 1515 6023 tortuositatem.
