4759 6684
374 594 426 651 dui

375 726 457 778 parea
470 708 551 765 iacies
566 709 707 778 cogitetur.
724 706 789 761 Num
806 709 827 757 si
846 718 973 758 aecensus
986 702 1120 759 desiderio
1132 702 1172 757 ri·

374 801 456 858 detuli
474 800 569 863 Deurn,
592 797 684 852 [aciem
708 806 779 851 tnarn
804 792 995 864 preparaveris
1007 795 1173 864 corporalem

375 894 409 948 ιιι
426 888 588 955 titlendnm;
605 887 683 943 taient
693 887 787 943 teeiem
798 883 962 940 desiderabis
977 892 1004 938 et
1014 884 1072 938 Ilei.
1085 884 1112 939 st
1126 900 1177 939 au·

377 997 431 1039 tem
445 984 498 1051 jam
510 981 603 1035 saltent
628 979 802 1049 spiritualiter
816 977 849 1032 de
863 977 916 1031 neo
940 975 1020 1047 sapis,
1037 987 1066 1029 nt
1092 974 1174 1031 nean

381 1092 432 1130 nan
446 1073 546 1142 (rogites
560 1086 621 1126 esse
641 1067 826 1140 corporeum(
843 1067 912 1122 nude
924 1065 1022 1121 diutins
1040 1065 1096 1119 lteri
1119 1067 1176 1134 egi·

376 1161 495 1235 ntnsltt),
505 1162 527 1216 si
542 1174 630 1216 tanton
643 1158 742 1231 aliquid
758 1158 941 1230 peregimus);
954 1156 976 1211 si
993 1157 1017 1211 in
1033 1155 1113 1210 earde
1136 1171 1178 1211 re·

377 1267 445 1323 stro,
454 1262 578 1322 tunquam
593 1253 618 1306 in
634 1251 732 1321 templo
745 1249 803 1314 Del,
815 1248 906 1303 lonnre
921 1246 1042 1302 ltnnranae
1053 1247 1178 1316 fregimus

378 1346 566 1408 darmannum
581 1342 603 1396 si
629 1342 684 1412 jtnn
711 1340 785 1395 rolris
809 1340 878 1395 irene
905 1337 977 1392 uenit
997 1336 1023 1392 in
1050 1346 1177 1400 mentem,

379 1446 408 1493 et
428 1436 531 1493 uiscera
557 1443 643 1488 restra
671 1431 795 1486 interiora
818 1429 944 1502 possedit,
968 1427 1010 1483 ulti
1033 1428 1179 1484 detestatur

380 1527 525 1600 Apostolus
539 1526 642 1596 eosqui
662 1524 770 1579 direntes
782 1540 808 1577 re
821 1523 1020 1591 erumpimus,
1034 1520 1105 1576 ttulti
1117 1519 1179 1590 lorti

378 1629 437 1676 ruat
445 1638 455 1687 ,·
463 1631 486 1674 et
497 1616 798 1688 innnutareruntqlorimn
808 1613 1004 1685 itteorruptiltilt't
1013 1611 1060 1666 llei
1068 1621 1090 1666 et
1105 1613 1178 1666 tinti-

380 1713 512 1768 litodt'aem
523 1708 639 1781 imaqinir
648 1706 818 1779 corruptibilia
828 1702 1052 1777 lorrdnitlllomn,
1064 1701 1174 1773 2223).

418 1800 532 1859 CAPUT
545 1797 727 1869 tlt-sijau
739 1796 897 1853 talenmlnte
906 1793 1084 1861 detestemini,
1099 1793 1121 1846 si
1131 1791 1179 1847 ad·

383 1891 528 1948 versamini
545 1890 593 1963 (ι),
610 1889 633 1944 si
646 1887 766 1944 Creatori
780 1885 912 1951 mundatis
924 1884 1051 1951 ternplum
1065 1882 1177 1949 sonm,si

383 1984 465 2040 tultis
479 1993 507 2037 ιιι
517 1983 602 2037 territt
614 1992 640 2035 et
653 1981 818 2035 ntattsionem
829 1979 896 2049 apttd
905 1992 952 2033 ras
964 1976 1045 2031 iaciat
1057 1994 1062 2028 :
1079 1976 1178 2031 Sentite

295 2106 298 2113 ⁴
382 2078 417 2131 tle
430 2074 537 2129 Domino
548 2075 573 2127 ia
582 2073 702 2135 ltrrtitam,
712 2083 734 2126 et
747 2073 773 2125 t'a
786 2071 946 2140 simplicitate
968 2069 1051 2123 cordis
1073 2068 1177 2139 querite

380 2167 453 2220 illum
467 2166 476 2237 (
492 2165 556 2234 Sap.
568 2181 587 2231 t,
603 2163 644 2232 l).
663 2163 753 2217 l'idete
764 2161 806 2216 cni
821 2161 924 2225 dicatis,
943 2160 965 2214 εἰ
976 2167 1064 2215 tmnen
1078 2158 1175 2224 dicirit,

381 2256 403 2310 at
420 2270 483 2311 rere
507 2253 594 2310 diuitis
610 2271 615 2305 :
631 2251 687 2307 Tili
702 2253 765 2305 dirit
779 2268 822 2305 cor
844 2267 936 2316 meum,
951 2249 1069 2315 Quaram
1084 2249 1175 2322 [erim

382 2346 552 2403 trinominem
573 2357 600 2400 et
617 2362 664 2400 eor
679 2356 763 2410 tantu,
779 2354 805 2399 el
816 2343 894 2406 adde,
908 2341 1010 2397 l'rtltum
1023 2352 1103 2408 titum,
1123 2340 1176 2396 Do·

382 2427 459 2502 ruine,
474 2439 599 2508 reqrn'rmn
611 2437 620 2508 (
633 2434 705 2490 Psal.
730 2451 801 2500 tntr,
816 2437 832 2490 8
846 2432 866 2505 l.
881 2433 952 2488 llene
965 2435 1035 2487 enirn
1051 2435 1174 2503 requiris,

383 2533 442 2600 tprio
464 2534 544 2588 earde
569 2531 691 2600 requirit.
714 2529 814 2584 itit-itur
837 2528 883 2583 Dei
905 2528 1004 2592 tultus,
1018 2527 1117 2583 dieitur
1129 2526 1175 2582 Dei

381 2622 532 2689 taaetnnn,
550 2622 646 2678 dicitnr
667 2620 712 2676 oet
728 2636 832 2682 matins.
859 2619 984 2673 dicuntur
1008 2619 1052 2673 llei
1082 2617 1173 2687 pedes.

381 2713 479 2769 dieitur
490 2714 535 2768 liei
546 2712 634 2776 sedes,
648 2711 744 2766 dieitur
760 2709 905 2766 scabellum
924 2710 1019 2779 pedum
1032 2709 1089 2776 rjus
1105 2727 1111 2762 :
1128 2710 1174 2764 sed

383 2804 435 2860 noli
461 2801 579 2857 tnetnltrt
596 2802 709 2856 lu'nnunu
727 2800 853 2871 cogitare.
870 2798 897 2854 Si
912 2800 950 2852 ris
965 2814 1024 2854 esse
1046 2799 1173 2869 tenqtlnnt

382 2891 510 2957 reritads,
524 2889 615 2962 frange
629 2889 728 2945 idolum
738 2888 869 2944 falsitatis
882 2888 974 2944 liunus
989 2889 1048 2950 ιιιι,
1059 2891 1173 2958 potantia

381 2984 439 3041 oet.
451 2981 544 3038 Facies
552 2981 609 3048 oet,
620 2979 712 3037 rtotitia
723 2981 781 3036 Dei.
796 2979 881 3036 Pedes
893 2979 951 3041 oet,
961 2981 1100 3048 pra-sentia
1116 2982 1172 3036 liei.

381 3073 464 3130 Sedes
475 3072 532 3143 Dei,
544 3073 565 3127 si
580 3072 629 3135 ris,
642 3082 668 3126 tn
680 3087 718 3127 es.
731 3073 769 3127 ιιιι
781 3070 848 3126 lurte
861 3086 959 3142 negare
971 3069 1081 3127 audebis
1091 3071 1173 3126 llenm

381 3180 442 3224 este
456 3164 614 3224 Cltristnml
636 3164 705 3226 Nan.
722 3165 819 3234 inquis.
833 3161 963 3218 Cotteedis
973 3173 998 3217 et
1020 3161 1081 3227 irae,
1096 3164 1174 3219 ιὶιιιϊ

381 3268 452 3315 stum
468 3260 514 3314 Dei
529 3258 653 3315 virtutem
667 3267 694 3314 et
710 3255 756 3310 oei
778 3253 934 3324 stpietttiatn
948 3252 957 3326 l
972 3253 982 3309 ι
997 3252 1055 3309 Car.
1072 3269 1091 3316 ι,
1106 3254 1175 3327 illl

381 3349 517 3415 Concedo,
533 3348 628 3420 inquis.
647 3345 714 3402 ruet
732 3363 738 3399 :
755 3346 846 3399 Anima
854 3344 919 3417 jetti
937 3343 1007 3398 redet
1021 3353 1057 3397 ιιι
1072 3344 1174 3411 nqrien-

382 3439 446 3508 titel
463 3438 527 3511 Sap.
542 3455 549 3491 t
563 3435 583 3510 l.
599 3437 648 3491 Uti
671 3436 741 3490 enim
756 3434 845 3490 sedem
864 3434 943 3488 ltnlret
967 3434 1047 3501 ileos,
1070 3436 1119 3489 nist
1132 3435 1174 3490 ulti

382 3530 501 3586 ltabitnt?
515 3526 563 3586 uni
573 3539 661 3583 antem
676 3526 785 3592 ltalritet,
795 3527 848 3581 nisi
865 3526 1002 3595 intemplo
1015 3524 1084 3580 sna?
1103 3524 1177 3580 Tem-

312 3672 315 3677 .
349 3684 357 3703 ἱ
382 3623 454 3694 plum
473 3622 539 3675 enim
553 3619 601 3676 eet
610 3631 725 3674 tanetum
743 3628 789 3684 eat,
806 3618 873 3688 qued
888 3618 945 3671 ertit
960 3632 1001 3672 tor
1017 3616 1026 3691 (
1043 3615 1119 3672 teor.
1136 3634 1174 3684 tn,

324 3722 328 3733 '
382 3715 416 3770 ll
431 3713 450 3785 l.
468 3711 534 3768 lide
557 3727 620 3783 ergo
648 3709 781 3781 quomedo
805 3708 922 3778 excipiat
945 3708 1037 3763 licum.
1064 3709 1177 3776 Spiritus

382 3816 418 3861 nt
435 3805 525 3871 Drur,·
543 3806 568 3857 in
587 3804 677 3874 spiritu
691 3814 714 3855 et
736 3802 839 3855 emitote
853 3811 949 3866 oportet
973 3800 1081 3854 adorare
1097 3799 1177 3854 lleum

385 3897 486 3970 (duan.
508 3911 544 3963 tr,
561 3892 595 3951 et
610 3896 629 3965 ).
651 3893 709 3948 lent
735 3894 761 3948 in
787 3907 834 3948 eor
852 3902 935 3953 tuum,
952 3893 973 3945 si
989 3892 1083 3962 plat-et,
1097 3891 1178 3946 intret

383 4004 445 4044 oreo
471 3986 634 4055 testamenii,
650 3997 678 4042 et
690 3997 748 4042 reat
771 3986 858 4056 lingon
876 3986 885 4055 l
901 3985 910 4039 Ι
926 3986 988 4055 ltrq.
1004 3985 1057 4046 r‚5
1072 3984 1092 4055 l.
1109 3986 1177 4040 ιιιιιιι

383 4093 535 4150 emenone,
545 4077 650 4135 etdisee
660 4077 742 4132 [leont
754 4076 918 4140 desiderare,
928 4075 1001 4131 disee
1013 4075 1081 4130 nnde
1092 4076 1174 4132 lletnn

340 4234 344 4241 ἱ
389 4168 574 4239 ride-repostis
594 4181 755 4240 preparare.
777 4165 860 4231 Beati,
877 4165 971 4236 inquit,
988 4164 1176 4233 dormiremus,

386 4262 509 4335 queniam
524 4259 572 4332 ipri
588 4257 668 4314 ileum
679 4258 805 4313 eidednnt.

405 4348 533 4407 ,CAPUT
552 4347 619 4405 till.
638 4379 672 4392 ·-
686 4347 753 4417 Quid
777 4364 910 4418 preparas
930 4349 1021 4404 oeulos
1040 4349 1178 4419 eorporis?

383 4438 412 4497 Si
426 4438 465 4496 ric
478 4438 619 4507 ridebitur,
634 4439 660 4494 in
671 4441 730 4494 loeo
743 4439 792 4493 etit
806 4439 876 4508 quod
897 4439 1037 4495 titleltitor.
1059 4434 1117 4493 No'tt
1138 4448 1179 4494 est

385 4530 414 4587 in
427 4528 488 4586 loeo
500 4528 545 4602 qni
566 4529 664 4600 ubique
685 4537 754 4583 totos
770 4539 821 4582 est.
845 4528 939 4582 llanda
960 4528 1030 4583 onde
1049 4528 1177 4584 rideatur.

422 4623 449 4680 8.
471 4618 584 4679 Prende
599 4622 715 4692 operibat
728 4636 837 4690 tonqma
856 4621 881 4673 in
899 4620 1027 4673 sententiis
1048 4620 1180 4674 beatitudi-

387 4730 459 4769 num.
483 4710 563 4779 Audi,
578 4723 604 4768 et
626 4709 761 4779 intellige,
781 4711 803 4762 si
824 4709 881 4780 ipso
896 4708 1005 4779 jtttnnle
1019 4719 1112 4779 pttteto
1131 4727 1179 4766 et-

387 4805 507 4881 pljeero:
524 4804 631 4875 adjuret
644 4817 693 4857 nos
706 4800 738 4855 ad
762 4800 959 4870 intelligendam
979 4803 1067 4855 onmia
1085 4817 1180 4871 snpra·

386 4902 457 4959 dieta
468 4914 547 4971 apere
564 4906 591 4953 ιι
608 4910 729 4959 nurnero,
743 4878 1181 4967 qtremntltttttdottteetigruemilms

387 4972 507 5067 opposita
520 4990 583 5046 siut.
599 4989 649 5047 uti
661 4988 733 5045 eaint
746 4986 844 5042 dictum
863 4995 904 5043 est
916 4985 949 5041 de
963 4986 1091 5055 petentia,
1110 4987 1180 5056 qaod

387 5103 442 5142 non
457 5089 618 5154 congrueret
640 5079 726 5152 operi,
751 5076 822 5148 quod
844 5093 895 5132 nan
920 5077 1094 5131 consonaret?
1113 5077 1180 5145 Qut-‘t

387 5177 503 5233 humiles
514 5174 588 5246 qnasi
603 5189 617 5228 a
632 5185 714 5242 regno
727 5169 849 5237 ridentur
860 5168 939 5225 alieni
951 5186 958 5223 :
968 5166 1061 5238 Beati,
1078 5170 1179 5240 inquit,

346 5311 351 5319 .
387 5285 512 5341 pauperet
523 5267 628 5335 spiritu,
651 5265 709 5335 quie
730 5264 842 5335 iptorum
864 5273 901 5317 etl
921 5279 1025 5334 requam
1050 5263 1179 5319 colorant.

386 5362 453 5428 Quia
464 5358 542 5416 mites
557 5356 678 5414 homines
689 5352 764 5412 [teile
779 5353 954 5411 exeluduntur
966 5352 1000 5408 tle
1011 5364 1080 5410 terra
1105 5370 1151 5408 sna
1171 5371 1179 5408 r

388 5451 478 5517 ilenti,
493 5448 593 5520 inquit,
611 5447 693 5510 miter.
707 5445 826 5515 quonium
839 5445 888 5515 ipsi
901 5444 1047 5500 ltaeredt'tute
1067 5447 1181 5514 petride·

386 5542 449 5598 lunt
474 5549 578 5597 terrum.
597 5538 657 5595 lam
682 5548 778 5591 eutero
797 5546 888 5607 aperta
913 5545 994 5601 sunt,
1016 5536 1106 5601 clara,
1134 5552 1180 5594 soa

389 5643 484 5706 sponte
496 5639 692 5704 cognoscuntur
704 5645 710 5679 :
724 5628 889 5700 disputatore
901 5644 953 5683 non
966 5637 1055 5697 equo.
1063 5640 1180 5685 eonrtae·

390 5734 523 5793 literature
541 5736 609 5793 opas
623 5720 730 5777 lubeat.
747 5716 820 5774 lleatt'
835 5718 877 5788 qui
894 5717 988 5789 laqrnt.
1004 5719 1069 5784 ortis
1087 5719 1180 5790 lugens

419 5837 457 5897 (ιι)
473 5836 570 5892 tmlieet.
582 5836 716 5898 opinentur,
724 5844 864 5885 termootrm
872 5831 912 5892 ιδ,
923 5832 955 5882 de
968 5831 1087 5884 tersione
1096 5833 1181 5885 ruderi

388 5900 428 5956 τι,
439 5910 484 5947 seu
496 5898 528 5946 de
541 5897 633 5946 titione
643 5897 694 5950 nai.
705 5895 747 5962 qni
758 5895 979 5960 etiamtunlteqine
988 5894 1083 5949 lttltllttu
1091 5897 1115 5947 in
1129 5905 1179 5957 uus.

390 5967 496 6012 tentetur,
508 5956 532 6005 la
542 5956 604 6006 ltusil
613 5972 640 6005 ta
652 5963 736 6009 lottstt.

407 6019 450 6080 m
463 6026 543 6078 rure,
553 6018 712 6074 mertuorum.
735 6067 750 6077 ,

998 589 1025 644 s.
1047 586 1399 668 tnousnrttenseon

1967 591 2023 649 368

1230 718 1282 758 non
1296 703 1505 760 consolationem
1527 703 1679 759 desiderat?
1698 702 1771 774 ipsi,
1786 704 1885 776 inquit,
1904 709 2023 764 ronuta·

1229 794 1331 849 lturttur.
1347 793 1418 849 Bruti
1428 795 1470 864 qni
1480 795 1593 849 muriunt
1610 805 1634 849 et
1642 795 1730 850 eitiunt
1738 796 1875 866 justitiam.
1886 798 1952 866 Quis
1961 814 2025 855 eso-

1229 884 1303 942 tiens
1315 895 1341 942 et
1355 886 1448 940 sitiens
1463 901 1515 939 non
1527 888 1676 941 satietatem
1692 887 1821 956 requirit?
1840 887 1875 943 Et
1891 890 1955 960 ipsi.
1980 892 2022 945 in·

1229 977 1296 1046 qnit,
1310 979 1497 1047 rutarulmntur.
1508 976 1579 1030 Beati
1591 978 1770 1031 rnirerr'rorder.
1782 977 1848 1044 Quis
1857 979 2024 1046 toiserieots,

1230 1066 1280 1121 nisi
1292 1067 1336 1137 qni
1351 1076 1425 1136 apuu
1437 1083 1468 1122 ex
1486 1069 1543 1137 ipsa
1557 1083 1638 1135 apere
1650 1066 1725 1123 reddi
1738 1066 1788 1122 sibi
1805 1083 1821 1123 u
1842 1068 1898 1124 ileo
1919 1071 2021 1137 ricem,

1230 1168 1259 1213 ut
1268 1160 1338 1214 circu
1352 1174 1381 1214 se
1396 1162 1449 1223 liat,
1465 1159 1534 1229 quod
1550 1160 1618 1214 eirea
1632 1175 1772 1230 pauperem
1784 1160 1866 1216 lecit?
1878 1161 1962 1228 Bruti,
1976 1164 2022 1219 iu·

1229 1250 1297 1320 quit,
1311 1250 1491 1314 ntirmicortles,
1506 1252 1624 1320 quoniam
1635 1253 1747 1320 ipsarum
1763 1252 1920 1307 miserebitur
1941 1254 2024 1315 Deus.

1230 1339 1371 1406 Quomodo
1382 1355 1429 1410 per
1450 1339 1505 1410 ipsa
1524 1340 1626 1410 singula
1645 1340 1755 1409 singulis
1777 1344 1882 1412 propria
1901 1347 2024 1415 apposita

1230 1440 1302 1496 snut,
1316 1438 1344 1485 et
1361 1431 1426 1485 niltil
1439 1431 1592 1502 {adtentum
1610 1439 1652 1487 est
1676 1432 1702 1487 in
1722 1433 1848 1501 praunie,
1877 1437 1947 1506 qtmd
1969 1455 2023 1493 naa

1230 1528 1388 1586 congrueret
1400 1521 1550 1590 pruoeptn?
1564 1529 1726 1592 preceptum
1739 1533 1779 1577 est
1791 1523 1862 1577 enim
1872 1534 1898 1579 ut
1910 1526 1946 1579 sis
1954 1542 2022 1598 quu-

1231 1623 1277 1678 per
1289 1608 1382 1678 spiritu
1399 1612 1554 1680 :premium
1572 1620 1614 1665 est
1641 1621 1670 1667 ut
1690 1610 1788 1668 habeas
1808 1631 1919 1683 nquam
1940 1621 2025 1674 eoelo·

1230 1715 1298 1754 rann
1313 1700 1477 1772 Praeeptum
1491 1710 1573 1756 estut
1589 1702 1626 1757 sis
1640 1703 1711 1757 utitis
1732 1722 1738 1758 :
1766 1707 1904 1773 petronium
1927 1721 1969 1763 est
1995 1721 2026 1764 nt

1231 1790 1368 1863 possideas
1379 1801 1488 1847 terrem.
1503 1793 1667 1863 Proceptum
1678 1803 1719 1847 est
1732 1805 1759 1848 ut
1772 1795 1810 1848 sis
1824 1796 1917 1866 lugens
1932 1817 1939 1849 :
1957 1816 2026 1868 prun

1230 1882 1322 1946 miore,
1335 1891 1364 1936 nt
1372 1883 1527 1938 consoleris.
1540 1883 1705 1953 Praeceptum
1713 1893 1753 1938 est
1767 1885 1902 1944 ntesnrias
1913 1890 2023 1944 etsitiss

1227 1971 1356 2040 justitiam
1370 1991 1376 2027 :
1390 1973 1543 2042 premium,
1557 1983 1586 2028 ιιι
1602 1976 1740 2031 satureris.
1751 1975 1917 2046 Praeceptum
1938 1992 1976 2037 est
1995 1993 2024 2037 ut

1229 2062 1267 2141 siu
1279 2063 1431 2129 trtiserieors
1447 2080 1454 2115 :
1471 2064 1628 2134 primitium,
1646 2075 1674 2119 ut
1696 2067 1906 2144 misericordium
1925 2086 2023 2128 couse-

1228 2150 1327 2225 this.
1342 2152 1387 2208 Sic
1400 2167 1560 2226 prereptum
1574 2166 1616 2212 est
1630 2164 1658 2212 ut
1668 2156 1780 2213 mundes
1790 2173 1837 2214 oor
1850 2177 1857 2213 ε
1872 2164 2022 2232 prumiam,

1229 2252 1257 2299 ul
1270 2243 1358 2300 titicus
1372 2244 1465 2300 Deum.

1262 2334 1375 2392 cteur
1390 2335 1433 2390 tx.
1454 2337 1526 2392 -9.
1545 2335 1613 2390 l'iaia
1636 2336 1680 2392 tet
1702 2342 1827 2411 quotnodo
1847 2344 2022 2398 mundicordi—

1228 2429 1273 2482 lmr
1286 2427 1415 2497 speciatim
1426 2429 1703 2500 trullissationem
1716 2433 1752 2487 itt
1760 2431 1882 2502 seplasia
1899 2434 1942 2497 ltit
1954 2453 2024 2507 prte-

1227 2520 1311 2590 ceptis
1324 2530 1351 2574 et
1366 2522 1496 2590 praemiis,
1516 2531 1545 2578 ut
1564 2536 1624 2577 eotn
1638 2522 1723 2589 audis,
1738 2523 1811 2579 Beati
1824 2527 2000 2583 mundicordes
2012 2571 2022 2594 ,

1226 2614 1346 2683 quouimn
1360 2614 1411 2684 ipti
1425 2613 1506 2669 Deam
1525 2614 1656 2682 oidelmtt,
1677 2625 1753 2685 putes
1778 2633 1907 2691 pauperes
1927 2621 2023 2693 spirito

1227 2720 1281 2760 tton
1291 2705 1406 2772 risuros,
1420 2716 1466 2761 ant
1480 2722 1532 2763 non
1546 2709 1650 2762 risuros
1666 2707 1761 2772 rnites.
1778 2724 1830 2765 aon
1854 2711 1958 2769 risuros
1980 2714 2023 2767 lu-

1226 2804 1328 2866 gentes,
1344 2812 1396 2851 non
1411 2797 1514 2853 risuros
1525 2798 1673 2854 esurientes
1690 2809 1718 2854 et
1739 2800 1859 2865 sitientes
1878 2799 2021 2873 justitiane,

1226 2903 1281 2942 non
1297 2887 1400 2943 risuros
1413 2889 1609 2946 misericordes.
1624 2889 1682 2946 Non
1695 2877 1899 2951 arbitreris'eos
1919 2905 2023 2952 tuttttnu

1226 2977 1301 3047 qnasi
1314 2979 1417 3033 risuros
1435 2980 1479 3050 qai
1495 2980 1595 3036 munde
1609 2990 1671 3036 sont
1683 2983 1782 3050 eorde,
1810 2983 1863 3040 illis
1879 3000 1894 3039 a
1918 2987 2023 3045 risione

1227 3071 1365 3140 separans.
1377 3070 1470 3126 Omnia
1483 3072 1554 3127 enirn
1570 3071 1627 3129 ime
1638 3074 1716 3128 iidem
1731 3075 1780 3145 ipsi
1798 3084 1869 3131 sont.
1882 3074 1932 3146 lpsi
1943 3079 2022 3133 title-

1226 3161 1309 3229 luunt,
1325 3173 1352 3219 et
1370 3180 1422 3220 non
1438 3163 1498 3220 ideo
1516 3165 1658 3232 ridebunt,
1685 3168 1747 3238 quie
1770 3184 1901 3239 pauperet
1923 3173 2021 3240 spriritu

1227 3261 1299 3321 sunt,
1315 3254 1375 3323 quie
1390 3253 1469 3310 mites
1480 3266 1550 3320 sunl,
1564 3256 1624 3325 qnia
1636 3256 1773 3326 lugentes,
1786 3260 1847 3328 quia
1868 3262 2021 3319 esurientes

1227 3342 1400 3415 sitientesque
1411 3343 1556 3414 justitiam,
1576 3347 1636 3414 quie
1658 3347 1845 3407 misericorder
1865 3366 1872 3403 :
1892 3351 1939 3406 sed
1960 3353 2024 3423 qaia

1227 3434 1319 3490 mundi
1358 3447 1420 3490 sunt
1445 3436 1535 3491 corde.
1562 3437 1790 3505 Quemadmodum
1823 3441 1845 3496 ti
1873 3444 2024 3514 corporolia

1229 3541 1309 3598 opera
1324 3527 1450 3582 membris
1470 3528 1653 3597 corporalibus
1673 3541 1870 3598 coaptarentur,
1895 3549 1926 3590 ue
1950 3535 2025 3593 dico-

1230 3628 1280 3684 ret,
1296 3619 1369 3674 rerbi
1382 3621 1477 3690 gratie,
1490 3621 1648 3692 quisquam:
1663 3622 1735 3679 Beni
1748 3626 1792 3696 qni
1813 3627 1896 3697 pedes
1912 3629 2024 3696 itubertt.

1229 3710 1291 3779 qnia
1305 3710 1353 3780 ipsi
1367 3711 1557 3765 anrltnlabont:
1574 3713 1643 3767 lreati
1659 3714 1703 3783 qni
1718 3731 1812 3770 ntouns
1827 3718 1935 3783 lrabeat,
1961 3721 2025 3790 quie

1229 3798 1278 3869 ipsi
1289 3800 1468 3868 operabuntur
1480 3819 1488 3854 z
1505 3801 1573 3856 beati
1585 3803 1629 3873 qni
1650 3818 1741 3859 recem
1758 3805 1872 3869 liabent.
1896 3813 2025 3878 quoniam

1231 3892 1281 3963 ipsi
1294 3893 1446 3948 claritelmnt
1460 3911 1466 3945 ε
1482 3892 1550 3948 beati
1563 3895 1607 3965 qui
1622 3911 1652 3949 os
1663 3906 1690 3949 et
1703 3896 1817 3967 linguam
1834 3898 1941 3964 hanna,
1955 3918 2025 3970 qaa-

1231 3982 1301 4038 niam
1314 3982 1362 4053 ipsi
1378 3984 1517 4053 loquentur
1540 4002 1546 4037 ε
1570 3983 1640 4039 beati
1662 3986 1821 4057 quioculos
1849 3989 1957 4058 liabent,
1973 3992 2025 4062 ipsi

1229 4074 1300 4128 enirn
1315 4075 1451 4129 ridebunt.
1464 4075 1509 4131 ste
1522 4085 1644 4146 tanquam
1659 4078 1803 4146 spiritualia
1817 4081 1935 4137 memora
1948 4099 2027 4138 enm·

1230 4182 1342 4239 ponens,
1358 4167 1447 4221 deruit
1460 4168 1521 4238 qnid
1540 4168 1572 4222 :nl
1592 4169 1654 4240 qnid
1671 4171 1893 4244 pertinentem
1915 4184 1955 4228 est
1976 4175 2027 4229 ltu·

1231 4257 1327 4313 militas
1338 4257 1370 4312 ad
1382 4257 1533 4312 haltendnm
1547 4276 1656 4329 regnum
1670 4260 1814 4326 eoelarttnt;
1829 4274 1889 4334 apte¹
1901 4280 2028 4323 ntansue-

1231 4347 1294 4404 tude
1304 4347 1336 4404 ud
1356 4349 1541 4419 possidendam
1557 4360 1672 4415 terreum
1689 4362 1766 4423 eptns
1781 4353 1867 4410 laetus
1879 4357 1912 4412 ad
1926 4373 2028 4414 conso·

1231 4438 1374 4505 tattonem
1385 4451 1445 4511 apta
1457 4439 1540 4497 latites
1560 4450 1586 4496 et
1599 4440 1773 4513 sitisjnsritie
1790 4443 1823 4499 ad
1839 4447 2026 4513 saturitatem

1231 4539 1292 4601 apte
1311 4531 1491 4586 ttriserieordia
1507 4531 1540 4587 ad
1579 4532 1770 4602 impetrandam
1796 4537 2027 4608 tniserieorditm5

1231 4633 1321 4693 aqtttnn
1340 4623 1466 4677 mnndum
1492 4639 1538 4678 cor
1565 4623 1597 4678 ad
1619 4624 1761 4680 ridendum
1776 4624 1869 4682 Derrtn.

1267 4708 1380 4769 CAPUT
1400 4712 1434 4769 X.
1449 4745 1484 4754 -
1499 4715 1541 4768 ll).
1560 4712 1583 4767 F
1583 4715 1624 4767 lde
1635 4733 1678 4768 cor
1692 4718 1826 4770 mundetur
1840 4719 1873 4772 ud
1891 4719 2028 4777 ridendum

1234 4802 1324 4857 Deum.
1347 4804 1374 4857 st
1399 4820 1461 4873 ergo
1486 4805 1669 4860 desideremus
1693 4807 1782 4862 ridere
1801 4808 1903 4875 Donni,
1929 4812 2027 4869 ortdns

1234 4893 1363 4948 isteutnle
1386 4894 1574 4949 mundabitur?
1594 4897 1659 4962 Quis
1681 4898 1751 4952 enim
1775 4914 1826 4952 nan
1849 4910 1942 4970 curet,
1966 4907 2029 4973 qnis

1234 4999 1286 5039 non
1302 4993 1401 5053 querat
1417 4985 1624 5052 ιιιιιιιιιιιιιιιιυι,
1648 5003 1700 5056 qun
1724 4988 1813 5044 ridere
1836 4993 1920 5061 possit
1946 5008 2028 5064 qoem

1233 5081 1290 5130 tate
1303 5073 1397 5133 ellectu
1412 5072 1566 5129 desiderat?
1583 5074 1718 5146 Expressit
1733 5076 1783 5132 hoe
1794 5080 1884 5136 diuina
1896 5085 2006 5139 testatio
2019 5107 2028 5145 ;

1234 5162 1321 5231 Fide,
1348 5163 1449 5237 inquit.
1477 5168 1602 5221 ntutrdartt
1628 5169 1705 5222 cordo
1729 5158 1815 5223 earum
1841 5173 1969 5241 (dcun.
1986 5176 2029 5242 9).

1234 5255 1340 5312 llnmlm
1355 5256 1479 5312 caridus
1495 5257 1552 5323 net,
1567 5257 1695 5313 annulum
1709 5274 1757 5315 ear
1772 5259 1842 5316 silet
1856 5262 1952 5320 ileum.
1973 5262 2030 5321 Sed

1234 5349 1295 5422 quie
1309 5351 1365 5422 ipsa
1382 5348 1445 5404 lidos
1458 5349 1600 5420 aliqnando
1618 5350 1651 5403 :tlt
1669 5350 1838 5418 normanus,
1852 5354 1897 5423 qni
1913 5369 1943 5429 se
1955 5355 2031 5427 ipsos

1235 5442 1338 5509 tartum,
1361 5443 1419 5498 talis
1447 5442 1648 5509 determinatur,
1676 5445 1750 5514 quusi
1773 5440 1885 5500 sullieiut
1911 5457 2030 5503 tantinu-

1234 5526 1437 5589 neutrumne
1458 5533 1628 5604 (pratnittnnt
1644 5535 1714 5588 enim
1738 5535 1788 5590 sibi
1812 5536 1919 5607 qnidam
1944 5540 2029 5594 etiam

1234 5633 1405 5696 conspectum
1426 5625 1471 5679 Dei
1497 5640 1661 5696 regnumque
1687 5627 1815 5681 coeiorutn
1840 5626 1983 5685 eredentes
2002 5639 2030 5685 et

1236 5717 1305 5774 male
1327 5712 1471 5789 t·irentet);
1493 5728 1585 5773 eontra
1605 5717 1655 5772 ltos
1675 5734 1819 5776 succensus
1843 5730 1870 5774 et
1895 5720 2030 5791 spirinmli

1234 5807 1362 5864 elturitote
1375 5807 1571 5876 tqttodnnnnmla
1591 5809 1761 5865 stotnacltans
1775 5811 1891 5867 loeolmt
1916 5823 2029 5883 aquosio-

1235 5899 1275 5952 ius
1290 5899 1314 5953 ia
1329 5899 1447 5968 Epistola
1458 5917 1503 5953 sne
1521 5899 1594 5964 dicit.
1620 5898 1656 5954 Ta
1683 5903 1763 5957 eredit
1779 5905 1897 5973 quoniam
1910 5920 1976 5958 rtaur
1991 5915 2029 5959 ert

1236 5990 1313 6045 deut.
1330 5990 1495 6046 rtaadirttnt
1506 5991 1540 6046 de
1556 5992 1605 6046 lid-r.
1619 6011 1624 6044 τ
1639 5994 1752 6049 attentlio
1768 5997 1837 6051 enim
1853 5995 1952 6052 rannus
1972 5996 2025 6054 itu·
