4759 6684
407 623 560 699 nudibus
576 617 693 684 nostris,
717 615 840 670 tutantur
859 606 928 666 deuii
948 601 1124 678 querentium
1141 598 1196 705 'aii-

408 715 472 789 q'nid
484 714 575 770 uidere
590 710 751 770 luminosum
767 702 912 757 alebatur
926 711 1005 756 aures
1017 701 1196 767 querentium

382 815 386 824 '
408 817 539 865 rantum:
560 804 666 859 lentur
688 796 802 852 oiiaetus
819 791 993 865 querentium
1007 786 1116 842 moreto
1133 797 1196 855 gra·

409 909 476 954 tum.
495 894 585 964 Erpa,
602 889 713 944 latetur
726 903 770 941 ear
783 881 946 956 querentium
958 876 1105 932 Dominum.

443 986 471 1042 2
495 983 565 1038 diens
587 981 657 1036 cordi
680 979 725 1032 iun
748 985 772 1031 et
785 974 848 1030 ador
871 983 895 1028 ει
920 971 998 1026 sibus.
1026 965 1102 1020 Ubus
1127 979 1197 1018 atres·

409 1079 441 1132 tie
467 1073 582 1144 reficient
612 1087 657 1125 nee
683 1068 810 1139 deficient.
846 1061 941 1119 eumn
969 1057 1051 1115 dubio
1080 1054 1195 1125 singula,

408 1181 467 1238 qun
488 1163 648 1220 exhibentur
668 1157 781 1215 diuersis
801 1153 923 1210 sensibus
942 1148 1054 1214 rrestris,
1077 1144 1207 1221 singulos·

408 1269 503 1312 sensus
528 1252 671 1309 deiectam.
704 1246 795 1318 Neque
818 1244 889 1299 euim
912 1240 953 1296 rei
976 1253 1058 1294 snrms
1082 1235 1197 1291 duisetat
1222 1264 1228 1276 ·

408 1353 563 1425 spectum,
585 1340 628 1397 rei
649 1340 725 1395 eotnr
744 1336 877 1392 auditum.
895 1330 976 1388 Cordi
995 1339 1085 1385 autem
1104 1333 1196 1382 nostro

410 1435 536 1492 turrninus
554 1441 582 1489 et
594 1432 643 1486 iux
664 1438 724 1498 est,
747 1437 775 1484 et
796 1441 846 1480 uox
869 1423 946 1488 ew,
968 1418 1074 1477 stodor
1087 1424 1148 1483 est,
1169 1423 1197 1469 et

409 1531 484 1586 eitun
498 1534 540 1583 est
555 1543 561 1577 :
576 1532 604 1580 ει
618 1520 679 1576 ideo
696 1518 785 1574 emnia
798 1524 849 1582 est,
871 1513 933 1585 quia
947 1511 1013 1566 nibil
1027 1508 1121 1564 bonum
1134 1513 1195 1571 e·t.;

409 1630 433 1674 rt
452 1614 511 1671 ideo
524 1612 590 1669 nibil
602 1620 644 1669 est
658 1611 765 1675 burrum,
780 1606 840 1678 quia
855 1605 948 1660 berum
961 1599 1080 1658 omniurn
1092 1605 1197 1651 creator

312 1706 323 1761 i
409 1715 460 1762 eut.
482 1705 530 1758 Est
543 1704 633 1757 iernen
647 1699 720 1755 ordi
735 1706 840 1762 unstru,
853 1693 897 1750 eui
908 1690 1021 1747 dicimus
1034 1705 1042 1740 :
1057 1684 1090 1740 In
1103 1683 1198 1739 iumine

409 1806 451 1861 tuo
471 1793 608 1848 ridebimus
632 1789 717 1845 dusaren
742 1785 831 1859 (Pani.
857 1798 941 1847 xxxv,
957 1779 1018 1852 tu).
1047 1777 1095 1833 Est
1115 1788 1197 1830 sotius

408 1885 482 1942 eordi
498 1892 589 1939 trustra
607 1880 650 1937 eui
667 1878 801 1934 dicimus:
815 1872 920 1929 Aeditui
934 1886 989 1926 rrrea
1002 1866 1074 1923 dubis
1085 1864 1200 1921 muita·

411 1978 502 2032 tineent
514 1983 538 2028 et
550 1972 661 2028 tertuum
673 1966 760 2042 (Psoi.
771 1982 798 2034 s,
807 1964 862 2037 db).
875 1962 920 2020 Est
930 1960 998 2016 odet·
1006 1956 1079 2014 eunti
1094 1963 1197 2022 nostre,

411 2065 446 2120 de
461 2079 514 2135 qun
525 2060 623 2117 dieitur
638 2075 645 2114 ι
660 2056 754 2113 Christi
770 2052 924 2109 bonumne
945 2065 1032 2105 metue
1047 2045 1080 2120 (ΙΙ
1093 2044 1153 2100 Cor.
1167 2059 1198 2148 u,

410 2155 468 2227 15).
481 2156 508 2212 Si
521 2161 610 2212 autent
623 2151 712 2208 aiburn
725 2146 861 2218 preteritis,
880 2143 943 2215 quia
954 2138 1081 2211 ieiunatis
1096 2155 1104 2190 :
1124 2135 1198 2190 Βεειι

408 2250 452 2330 qui
466 2247 579 2302 esuriant
593 2253 617 2300 et
629 2243 718 2300 eitiunt
728 2238 856 2311 justitient
869 2233 976 2310 (baetti.
991 2247 1018 2299 u,
1034 2229 1073 2303 6).
1089 2229 1125 2284 De
1139 2227 1198 2300 ipso

409 2351 498 2397 nartem
512 2337 624 2394 bomine
644 2333 708 2391 lesu
720 2330 829 2388 Citristu
849 2327 948 2384 dicium
967 2331 1010 2381 est
1030 2323 1093 2394 quia
1115 2323 1198 2392 [netur

409 2439 445 2490 eet
469 2428 539 2485 nobis
559 2426 660 2498 justitie
684 2432 708 2479 et
726 2420 850 2493 ωριιιιιίε
869 2416 895 2490 (i
915 2416 974 2478 Cor.
992 2430 1017 2483 r,
1034 2412 1097 2487 dd).
1128 2412 1198 2468 Εεεε

409 2520 494 2594 epntn
516 2525 672 2591 preparate
694 2523 777 2570 sum:
798 2510 901 2583 justitia
911 2507 1034 2565 Christus
1057 2513 1115 2570 est,
1131 2517 1196 2559 nus·

409 2628 489 2684 «quam
503 2611 589 2675 deest,
603 2623 656 2663 nnn
669 2621 684 2662 a
697 2603 790 2676 eequis
804 2606 967 2672 praeparatur
978 2596 1054 2698 nobis
1064 2597 1086 2661 ¹,
1102 2609 1150 2650 nee
1163 2592 1198 2650 de

409 2693 596 2758 tranrsmarinis
609 2695 728 2766 partibus
740 2692 814 2748 reiut
833 2703 911 2761 poma
931 2699 1069 2761 perepnna
1088 2698 1197 2752 aneqn·

356 2849 358 2853 .
409 2791 550 2849 uiatoribus
568 2795 724 2860 apportatur
735 2783 767 2838 ⁸:
783 2780 858 2839 eibus
870 2786 912 2835 est
925 2792 1005 2849 quem
1018 2775 1098 2835 sentit
1110 2773 1198 2833 amnis

359 2880 363 2891 '
409 2881 455 2952 qut
467 2893 546 2936 sanas
561 2876 650 2933 brumes
664 2873 766 2941 babet,
785 2868 920 2928 interioris
932 2866 1048 2930 treminis
1059 2864 1134 2921 eibus
1145 2872 1197 2964 εει.

409 2972 445 3028 tie
458 2971 543 3040 ipsum
558 2964 748 3025 commendans
760 2962 815 3018 ait:
830 2957 956 3031 Epeion
967 2954 1123 3034 panareton
1134 2993 1141 3019 ,
1154 2968 1197 3018 qao

411 3062 443 3116 de
456 3060 518 3115 eoeio
534 3056 651 3113 descendi
665 3054 756 3127 (doun.
772 3067 809 3119 ur,
822 3048 880 3123 51).
894 3046 975 3103 Cibus
987 3044 1085 3115 estqui
1100 3043 1197 3111 rebeit,

411 3169 460 3211 nee
473 3151 562 3208 dedeit
576 3168 583 3205 r
596 3149 673 3206 eibos
682 3154 724 3203 est
734 3145 780 3218 qui
793 3141 985 3207 insumitur,et
997 3153 1049 3193 non
1061 3134 1198 3192 eonsumi-

410 3218 473 3301 turr
486 3245 562 3301 cibus
573 3249 616 3297 est
627 3239 672 3311 qui
683 3237 833 3294 esurientes
844 3231 933 3298 utini,
947 3237 975 3286 ει
984 3229 1085 3298 integer
1096 3234 1197 3282 manet.

409 3341 476 3396 cunr
490 3337 553 3392 bine
566 3334 600 3390 ad
614 3344 722 3389 mensas
733 3336 836 3384 uestras
857 3319 1045 3391 discesseritis,
1059 3316 1125 3374 nihii
1144 3316 1199 3374 tate

410 3425 613 3485 mandueabitis.
625 3421 693 3491 Quia
705 3433 769 3491 erqo
780 3417 814 3474 ad
838 3416 902 3472 istas
914 3411 1007 3485 epulas
1025 3408 1197 3475 murenisus,

409 3521 481 3576 bene
503 3515 635 3574 comedite
657 3531 664 3570 :
685 3510 732 3571 sed
753 3525 814 3567 eum
837 3505 965 3572 abieritis,
987 3504 1056 3559 bene
1074 3498 1197 3573 digerite.

411 3612 484 3667 Bene
501 3608 573 3665 enim
593 3603 735 3662 nrandueat
747 3610 775 3657 et
793 3600 864 3656 maie
876 3597 983 3669 dtqeutt,
996 3593 1041 3666 qui
1053 3592 1126 3648 audit
1138 3605 1199 3674 uer·

411 3702 473 3756 bum
485 3698 531 3755 bei
546 3706 573 3754 et
585 3712 638 3753 non
653 3694 716 3762 iecit
728 3710 735 3747 :
747 3707 799 3749 nou
810 3690 881 3747 enim
893 3688 965 3745 dueit
975 3687 1066 3742 utilem
1077 3698 1196 3749 nuceum,

409 3789 581 3854 &denudum
593 3793 681 3856 ructat
693 3782 869 3856 indigestione
880 3777 1024 3836 fastidium.
1166 3842 1172 3849 .

444 3881 472 3936 5.
497 3878 555 3934 ten
582 3877 714 3942 eruturum
736 3872 825 3935 eidus,
859 3867 943 3943 piures
965 3867 1058 3938 uisque
1084 3865 1124 3920 uui
1148 3863 1198 3918 nri-

410 3972 512 4039 unione
533 3969 623 4040 pascit.
659 3965 713 4036 iiee
741 3960 874 4032 miremini
897 3957 968 4032 quod
999 3955 1081 4012 eorda
1108 3965 1198 4051 nostra

410 4065 450 4121 sie
462 4060 613 4136 epulantur,
630 4067 659 4115 ut
677 4068 706 4116 et
726 4057 782 4129 ipsa
796 4055 958 4118 reficiantur,
972 4060 1000 4109 et
1013 4067 1065 4108 nou
1079 4051 1200 4107 minuant

410 4153 481 4211 undo
502 4151 666 4218 redeiantur.
689 4146 880 4219 corporalibus
900 4144 986 4200 ueuiis
1005 4143 1105 4199 uostris
1128 4142 1199 4198 beus

410 4215 490 4303 tatem
502 4245 591 4303 eibum
603 4240 687 4310 dedit.
698 4238 764 4296 iiam
778 4235 824 4293 iux
835 4235 887 4291 ista
901 4233 976 4292 eibus
986 4240 1028 4290 est
1041 4231 1198 4296 acutorum

411 4337 460 4394 bae
477 4335 576 4393 lumina
591 4342 683 4390 nostra
705 4337 860 4404 pascuntur,
879 4334 908 4383 ει
929 4323 1030 4396 siquis
1050 4321 1149 4378 diutius
1171 4324 1198 4376 iu

410 4425 527 4483 tenebris
547 4423 647 4488 tuerit,
667 4409 793 4491 tanquam
811 4414 956 4490 jejunando
972 4411 1110 4474 detieiunt.
1130 4411 1198 4468 Per·

410 4519 537 4577 uiderunt
548 4517 620 4573 euim
634 4514 758 4585 beminen
777 4511 871 4567 oeulos
891 4507 1008 4565 sedendo
1027 4504 1196 4570 intenebris,

410 4627 461 4679 qree
480 4607 579 4682 atiquid
602 4605 680 4663 irruit
707 4602 810 4670 neniis,
835 4614 886 4656 nee
906 4597 1036 4670 quispiam
1056 4596 1197 4669 pereuosit,

410 4717 461 4758 nee
474 4700 570 4755 bumor
590 4696 692 4752 alienus
705 4690 820 4757 induxit,
835 4705 885 4747 nec
906 4687 1004 4762 putris,
1023 4702 1073 4744 nee
1086 4686 1174 4742 tumus
1189 4704 1197 4741 ε

412 4789 565 4862 producitur
588 4787 669 4849 trumo
692 4791 752 4855 pest
767 4781 901 4851 tenebras,
919 4787 950 4834 ει
969 4792 1023 4834 non
1036 4776 1110 4841 ridet
1127 4775 1199 4851 qnod

412 4881 517 4937 ridebat
529 4899 536 4935 :
549 4877 620 4935 ocuti
639 4875 699 4946 eius
715 4873 786 4930 ieme
802 4870 898 4928 mortui
911 4876 991 4935 eumq
1006 4866 1096 4925 eibum
1109 4880 1196 4933 suum,

411 4973 463 5030 boe
473 4979 525 5036 est,
542 4970 627 5027 tuoem
639 4981 693 5029 nan
705 4962 835 5032 sumendo
847 4959 1011 5026 ueeomn.
1024 4956 1120 5013 Videte
1134 4970 1199 5028 erqo

411 5061 481 5135 quod
496 5058 634 5133 proposui,
649 5055 735 5130 quatis
749 5056 783 5110 sit
795 5053 870 5109 cibus
884 5051 1021 5108 ueuiorum
1035 5055 1197 5109 nostrorum.

410 5157 461 5214 ista
477 5151 639 5217 inundetur
658 5145 694 5214 ab
707 5146 840 5217 omnibus,
859 5142 942 5216 pascit
953 5141 1072 5209 emnium
1089 5140 1196 5203 neutum

408 5257 436 5303 et
455 5239 707 5317 aspertusridentis
728 5237 857 5305 retteitur,
871 5243 898 5293 ει
918 5235 963 5290 tux
985 5233 1085 5304 iuteqra
1109 5245 1199 5302 perse-

411 5343 495 5396 uerat.
511 5335 540 5392 st
551 5334 605 5391 duo
616 5331 734 5403 uideant,
750 5336 821 5394 tenta
835 5335 991 5399 permnrretp
1014 5323 1036 5384 si
1056 5321 1197 5394 piuresri·

411 5427 502 5494 deant,
513 5425 608 5483 eadem
620 5428 760 5495 permanet
772 5437 779 5475 ι
791 5418 866 5487 dtren
878 5417 975 5483 rideat,
987 5430 1088 5488 pauper
1098 5414 1197 5483 rideat,

441 5585 500 5636 isid
551 5575 992 5634 mammeti&
1006 5572 1093 5638 [θΗίθιτ
1108 5579 1156 5636 ⁶⁸⁸2
1175 5580 1199 5626 α

410 5645 641 5774 “wipponem
652 5714 686 5771 ει
691 5699 833 5753 εεειειίιειε
841 5698 982 5751 oadteieest
990 5697 1117 5762 [nuuquuu
1123 5696 1198 5758 deest,

410 5781 455 5863 ’Ἴ
466 5771 674 5892 ἔξ.”ἷέἑὲ”ιεῗῖἔῗ’
686 5760 887 5886 &mii
910 5820 999 5873 ortu
1025 5826 1070 5870 ει.
1096 5817 1198 5886 [nm-

409 5892 516 5960 mur-¹

1026 487 1056 543 s.
1077 469 1428 545 suessionensium

1994 493 2043 557 tttt

1250 600 1359 670 aqualis
1370 610 1412 656 eat
1424 601 1557 659 omuibus.
1572 603 1665 659 Nuiius
1690 607 1716 659 in
1735 620 1767 662 ea
1779 603 1878 665 limites
1888 606 1962 677 ttqtt,
1987 607 2043 663 int·

1251 688 1343 760 pietur
1362 690 1486 761 pauperis
1508 692 1607 762 inopia,
1621 703 1696 750 ruent
1714 692 1803 751 diuitis
1822 695 1942 751 auaritia.
1958 695 2044 753 Num·

1252 777 1316 850 quid
1338 780 1410 836 enim
1430 782 1474 853 qui
1497 783 1556 852 ptus
1577 782 1675 851 babet,
1694 785 1754 856 pius
1775 784 1857 851 uidet,
1871 795 1917 841 aut
1937 787 2044 858 prniutn

1249 886 1317 926 auru»
1331 884 1499 945 prneeeupat
1511 891 1665 947 pauperem,
1677 886 1704 933 ει
1716 879 1779 933 emit
1793 879 1842 933 sibi
1856 879 1927 950 quod
1940 880 2041 949 uident,

1250 971 1280 1037 ut
1301 965 1345 1020 iiie
1367 982 1419 1020 uon
1441 967 1559 1024 babeat?
1583 968 1610 1024 Si
1631 984 1696 1041 erge
1716 971 1777 1026 tuiis
1798 971 1874 1026 cibus
1896 982 1936 1027 est
1956 974 2042 1028 uerutis

1248 1057 1357 1121 ardebis,
1376 1058 1438 1129 quid
1453 1069 1495 1115 est
1508 1060 1565 1130 ipse
1578 1061 1648 1118 Deus
1661 1063 1793 1118 mentibus
1809 1065 1908 1118 nestris
1921 1064 1934 1117 ι

1284 1145 1311 1201 d.
1323 1145 1408 1202 Sonus
1420 1157 1444 1204 et
1455 1149 1592 1206 intellectus
1606 1153 1672 1207 nucia
1693 1153 1728 1207 ud
1741 1152 1826 1225 pirrrrr
1840 1158 1893 1209 sine
1906 1157 2043 1227 partitione

1249 1239 2043 1319 persenit.Etauriunrqnidameibussumtsest,etipsequntis

1248 1329 1308 1384 est?
1319 1329 1481 1388 Deiriseuim
1487 1335 1748 1408 sensibuseorporis'
1761 1338 2043 1412 mentisinieHiqtbiiin

1248 1420 1428 1489 conjiciamus.
1444 1424 1512 1480 Eoee
1522 1425 1850 1496 inquoeraritatiuestre
1865 1446 1872 1483 :
1887 1428 1983 1485 adsunt
1995 1446 2042 1486 eu·

1249 1526 1303 1578 res,
1315 1513 1412 1569 adsunt
1432 1525 1544 1573 trientes.
1559 1518 1615 1573 Duo
1635 1517 1756 1589 qunedam
1775 1521 2041 1585 nomenniomen

1249 1614 1351 1661 menites
1362 1624 1370 1673 ;
1383 1607 1448 1663 etin
1460 1624 1493 1663 en
1506 1609 1574 1680 quod
1583 1610 1687 1682 iniquor,
1695 1612 1874 1686 dunquedam
1884 1625 1947 1672 sunt
1959 1631 2042 1674 sortus

1248 1703 1276 1749 et
1285 1695 1433 1752 intellectus
1449 1717 1455 1752 :
1471 1701 1548 1756 simui
1576 1701 1705 1769 feriuntur,
1723 1704 1802 1761 simut
1821 1706 1854 1762 ad
1868 1723 1961 1763 aurem
1976 1725 2040 1779 per·

1249 1784 1375 1850 ueniunt;
1388 1801 1470 1842 soum
1483 1801 1602 1848 remanet
1615 1792 1640 1847 in
1651 1808 1724 1858 autre,
1738 1794 1886 1852 intellectus
1897 1797 2035 1854 deseendit

1251 1873 1278 1929 in
1289 1875 1381 1934 eorde.
1394 1875 1447 1934 Sed
1458 1877 1493 1935 de
1505 1895 1571 1936 sono
1586 1883 1642 1952 ipso
1655 1884 1728 1954 prius
1747 1872 1916 1944 aduertamus
1939 1900 2040 1961 quanto

1248 1963 1422 2024 exeeiientiue
1448 1968 1609 2028 iutetieetum
1623 1987 1714 2031 amare
1735 1974 1873 2033 deberrms
1889 1978 1976 2035 Sonus
1997 1990 2039 2036 est

1248 2052 1324 2123 quasi
1336 2068 1444 2126 eorpus,
1456 2056 1605 2116 intellectus
1615 2069 1656 2116 est
1664 2063 1739 2132 quasi
1758 2065 1875 2122 animus.
1885 2066 1940 2124 Sed
1953 2066 2037 2126 sunus

1249 2157 1309 2197 nrox
1323 2152 1352 2199 ut
1365 2160 1453 2201 nerem
1468 2149 1635 2218 percusserit,
1649 2165 1793 2224 auremque
1813 2157 1938 2228 tetigerit,
1954 2166 2039 2216 trans·

1249 2233 1286 2300 it,
1311 2251 1360 2292 nee
1382 2248 1536 2309 revocatur,
1565 2256 1614 2298 nee
1632 2241 1719 2299 adbuc
1732 2253 1819 2301 sonat.
1838 2246 1875 2302 lta
1900 2249 1972 2304 enim
1987 2250 2038 2308 sibi

1248 2326 1359 2398 syttabu
1369 2330 1515 2401 praeeundo
1526 2339 1554 2387 et
1562 2334 1698 2404 sequendo
1712 2336 1868 2405 sureeedunt,
1883 2349 1912 2394 ut
1921 2341 2038 2397 secunda

1248 2430 1302 2472 non
1326 2428 1414 2484 sonet,
1442 2419 1493 2474 nisi
1519 2420 1602 2491 prima
1621 2424 1766 2479 transierit.
1790 2425 1978 2485 Verumtamen
2001 2431 2040 2487 eie

1248 2506 1381 2576 quomedo
1392 2508 1524 2579 quoddam
1538 2511 1717 2568 transitorium
1748 2530 1872 2586 inagnum
1887 2516 1969 2575 babet
1986 2520 2040 2574 nri·

1248 2596 1380 2655 taculum.
1392 2598 1460 2654 Eece
1470 2600 1540 2655 enirn
1551 2600 1655 2657 strabis
1665 2604 1842 2661 esurientibus
1853 2602 2037 2678 mneruappo·

1249 2700 1353 2754 arerem,
1367 2703 1420 2742 uon
1434 2691 1584 2759 perueuiret
1592 2690 1625 2747 ad
1643 2693 1761 2764 ningulus
1775 2710 1782 2758 ;
1809 2705 1891 2753 totum
1903 2697 2037 2756 diuidere·

1249 2779 1283 2840 tis
1295 2779 1370 2834 rubis
1382 2780 1452 2852 quod
1469 2783 1628 2853 posuissem,
1640 2794 1667 2857 ει
1687 2795 1785 2857 quanto
1798 2788 1887 2858 piures
1909 2792 2003 2846 essetis
2015 2793 2038 2859 ',

1250 2878 1323 2927 tanto
1337 2871 1425 2936 minus
1440 2873 1668 2934 baberetiaibrdo
1677 2888 1764 2934 autem
1785 2895 1936 2938 sermonem
1948 2883 2037 2954 prote·

1249 2974 1292 3029 ro,
1304 2961 1383 3029 uerba
1399 2961 1467 3022 inter
1481 2973 1563 3021 roset
1574 2964 1689 3035 syllabas
1700 2982 1752 3023 non
1764 2969 1890 3040 diriditis,
1902 2988 1951 3030 uec
1959 2990 2036 3030 seen·
2097 3030 2101 3036 .

1250 3050 1284 3109 tis
1303 3067 1454 3111 sermonem
1478 3070 1576 3123 meunt,
1593 3066 1623 3112 ut
1634 3059 1703 3116 eiius
1730 3061 1805 3117 toitnt
1820 3062 1897 3120 istam
1922 3076 2037 3134 portem,

1248 3141 1319 3199 eiius
1332 3143 1414 3225 ittam,
1429 3145 1505 3200 etsie
1524 3145 1673 3203 minutatim
1687 3156 1716 3206 et
1734 3151 1909 3220 particulatim
1929 3154 1963 3211 ad
1985 3158 2040 3212 sin-

1248 3234 1453 3313 putosquosque
1463 3234 1534 3306 quod
1556 3235 1618 3293 dico
1629 3240 1768 3310 perueniat
1783 3259 1789 3295 ι
1804 3242 1852 3298 sed
1863 3252 1949 3300 toturn
1963 3247 2038 3303 audit

1249 3339 1338 3391 uatus,
1351 3333 1434 3381 tetum
1447 3324 1558 3386 audiunt
1569 3324 1633 3398 duo,
1655 3337 1738 3384 totum
1757 3331 1867 3388 audiunt
1888 3335 1987 3406 piures,
2012 3347 2041 3412 et

1252 3424 1384 3486 quotquot
1398 3417 1522 3475 uenerint
1543 3428 1627 3476 totum
1641 3420 1771 3488 audiunt;
1790 3431 1817 3480 et
1829 3426 1952 3482 ornatibus
1962 3428 2039 3483 seriti-

1249 3505 1296 3571 eit,
1310 3516 1335 3562 et
1349 3507 1461 3580 singuiis
1478 3509 1610 3582 integrum
1624 3521 1686 3568 est:
1702 3523 1872 3586 preparatur
1882 3516 1916 3573 ad
1927 3519 2039 3577 audien·

1249 3593 1312 3651 dum
1326 3597 1400 3654 auris
1412 3607 1466 3664 tua,
1481 3614 1531 3656 nee
1544 3614 1603 3658 eaut
1616 3599 1720 3658 fraudat
1743 3603 1829 3660 vicina
1842 3607 1917 3681 aburis
1938 3608 2036 3665 atiena.

1250 3682 1278 3758 Si
1291 3684 1343 3741 boe
1357 3685 1388 3742 iit
1397 3686 1432 3744 de
1444 3688 1527 3745 uerbo
1538 3700 1660 3758 sonante,
1681 3691 1743 3764 quid
1756 3694 1785 3750 dt
1800 3693 1834 3752 de
1848 3696 1937 3753 Verbo
1949 3701 2039 3756 onini-

1239 3779 1379 3850 potente?
1404 3780 1545 3849 montedo
1565 3784 1637 3840 enim
1662 3800 1713 3842 uox
1739 3786 1789 3843 ista
1815 3798 1905 3845 nostra
1929 3793 2040 3850 attribue

1249 3868 1371 3929 emnium
1379 3870 1542 3928 audientium
1551 3874 1664 3946 singulis
1678 3885 1733 3933 tou
1743 3886 1819 3935 estet
1832 3880 1902 3954 apud
1917 3883 2037 3953 singutas

1251 3969 1304 4016 uun
1317 3971 1375 4027 est:
1388 3976 1438 4018 nec
1452 3969 1492 4019 tat
1502 3973 1565 4021 sunt
1577 3981 1645 4023 mee
1657 3982 1737 4027 voees
1757 3980 1823 4041 quet
1836 3981 1932 4028 restrae
1946 3991 2039 4038 aures,

1249 4049 1297 4107 sed
1312 4065 1364 4106 uua
1383 4067 1434 4109 rex
1455 4053 1552 4111 mutuas
1576 4070 1657 4113 aures
1671 4058 1775 4130 impiet,
1793 4076 1847 4116 non
1869 4063 1962 4127 diuisa,
1987 4067 2034 4122 sed

1248 4139 1371 4197 ominibus
1379 4149 1433 4196 tuta
1444 4158 1452 4196 ε
1465 4142 1505 4199 sie
1511 4143 1625 4215 rogitate
1634 4145 1751 4204 Verbum
1765 4149 1812 4207 bet
1823 4161 1907 4207 totum
1917 4153 2038 4222 ineoetis,

1249 4239 1334 4286 totum
1345 4232 1370 4287 in
1384 4233 1471 4300 terris,
1484 4242 1566 4292 totum
1576 4237 1603 4292 in
1614 4237 1732 4310 degetis,
1743 4249 1826 4299 totum
1839 4244 1909 4316 apud
1919 4246 2037 4316 Patrem,

1250 4329 1334 4376 tetrum
1347 4321 1417 4392 apud
1433 4322 1578 4395 i'irqinem,
1600 4336 1685 4385 artum
1700 4329 1727 4385 in
1741 4333 1898 4403 eternitate,
1915 4344 1998 4394 totum
2011 4339 2038 4394 iu

1248 4425 1340 4481 eanre,
1354 4415 1477 4472 totumad
1488 4417 1666 4485 internecium
1675 4423 1803 4491 visitaret,
1817 4434 1902 4483 totum
1917 4430 1943 4484 in
1962 4447 2040 4501 para·

1248 4503 1318 4571 dise,
1329 4520 1383 4575 quo
1396 4505 1527 4565 latronem
1541 4514 1685 4570 traustutit.
1702 4515 1764 4573 iiten
1777 4516 1831 4574 dini
1841 4518 1875 4576 de
1889 4536 1966 4577 sono.

1284 4595 1311 4651 5.
1326 4593 1364 4651 Dr
1376 4596 1512 4655 inteiiectu.
1535 4600 1613 4669 Quid,
1629 4604 1651 4660 si
1673 4603 1708 4661 de
1720 4605 1856 4664 intellectu
1882 4611 1980 4682 aliquid
1991 4612 2033 4668 di·

1248 4687 1331 4743 eami
1347 4699 1446 4760 quanto
1472 4692 1560 4753 minus
1572 4703 1613 4750 est
1634 4713 1713 4766 quarn
1742 4697 1857 4755 Verbum
1886 4701 1956 4758 bei?
1970 4704 2040 4762 bers

1249 4777 1320 4833 eadm
1328 4794 1422 4838 sonum
1438 4782 1560 4854 protero;
1575 4786 1622 4842 sed
1631 4802 1691 4843 erm
1703 4792 1853 4858 protulero,
1864 4792 1919 4861 jum
1930 4811 1984 4851 non
1997 4814 2042 4854 re·

1249 4869 1350 4937 uoun',
1360 4870 1408 4926 sed
1417 4872 1440 4926 si
1454 4873 1514 4930 noio
1527 4875 1623 4944 audiri,
1641 4879 1754 4936 attenrm
1768 4897 1863 4940 sonttm
1878 4885 1995 4955 protero,
2010 4897 2038 4944 et

1250 4972 1310 5013 tum
1332 4957 1389 5028 ipse
1402 4960 1546 5028 transierit,
1560 4966 1666 5031 protero
1687 4968 1810 5034 atterum,
1833 4985 1880 5028 aut
1903 4975 2040 5034 silentium

1249 5057 1448 5118 musequetur:
1464 5051 1625 5108 intebeetum
1653 5071 1718 5112 rere
1734 5067 1762 5114 et
1783 5060 1891 5128 protero
1912 5063 1945 5118 ad
1961 5073 1997 5130 te,
2009 5077 2040 5136 ει

1251 5144 1330 5191 teneo
1342 5135 1411 5206 apud
1426 5153 1468 5194 me
1480 5156 1488 5205 ς
1503 5149 1531 5195 ει
1545 5142 1648 5199 invenis
1661 5146 1732 5216 quod
1752 5149 1862 5216 audisti,
1875 5162 1903 5208 et
1915 5170 1968 5210 nou
1980 5171 2041 5226 per·

1249 5226 1286 5283 du
1297 5226 1443 5298 quoddiui.
1455 5229 1636 5303 videtequam
1652 5239 1787 5305 rerasiut,
1812 5249 1840 5296 et
1858 5242 1955 5298 ioetetm
1975 5245 2040 5300 eor·

1249 5318 1414 5398 querentium
1430 5317 1576 5379 dormirem.
1592 5323 1720 5384 bonitius
1743 5328 1815 5385 enim
1840 5331 1897 5403 ipsu
1909 5334 2040 5408 principa·

1283 5517 1531 5652 :fflfflffltffid'gff
1541 5529 1684 5657 ffin‘t’oeitate
1698 5541 1938 5654 εειιειεεῧὲἴιωῖιιεῗιιεη
1948 5594 2043 5646 diuide-

1251 5644 1309 5689 retrr
1319 5637 1392 5700 radan
1404 5646 1469 5691 toruo
1479 5655 1557 5696 numu
1567 5643 1706 5712 tabuere]

1283 5699 1341 5750 ’ste
1352 5701 1483 5765 tegendum
1495 5717 1527 5754 er
1539 5709 1683 5759 εεειοειιειε
1693 5710 1782 5763 oudieis
1791 5719 1837 5764 εει
1850 5713 1916 5776 [eece
1931 5714 1993 5768 mio
2004 5731 2042 5769 ao·

1251 5773 1361 5812 rrunnon
1372 5775 1463 5824 rouen,
1475 5764 1518 5815 red
1528 5765 1551 5815 si
1561 5767 1612 5819 ueto
1622 5769 1725 5835 audiri]

1283 5823 1403 5938 ttegitu-
1415 5825 1440 5875 in
1454 5827 1536 5878 oodiee
1545 5836 1588 5881 ert.
1604 5845 1610 5879 :
1623 5830 1705 5885 ridete
1718 5846 1773 5897 qino
1790 5836 1861 5888 uerbo
1874 5842 1931 5899 ιειι,
1941 5845 2042 5904 teretur

1253 5896 1302 5946 rer,
1316 5897 1330 5934 ε
1358 5921 1363 5932 .
