4759 6684
399 592 452 653 ttt

399 704 442 763 nis
465 703 535 760 enim
557 702 609 755 vita
632 699 681 755 ina
707 700 815 760 nostra,
835 689 1027 757 inilrmitas;ct
1040 689 1117 760 longa
1131 686 1185 744 vita

399 798 466 854 nibil
476 793 546 850 aliud
561 805 640 862 natam
652 790 731 860 longa
744 786 885 843 intirmnas
895 799 904 837 t
916 793 980 855 puta
1000 796 1065 852 ergo
1086 791 1113 837 tc
1138 781 1188 836 sub

398 888 503 946 medica
513 890 652 954 aegrotare.
669 879 814 936 beloctavit
825 887 972 941 recentem,
984 872 1127 929 delectavit
1142 887 1189 942 po·

1014 575 1044 633 S.
1063 572 1247 635 aucusttttt
1267 576 1415 635 urucam

1981 584 2037 639 Μ

1243 691 1327 760 etqui
1339 693 1458 757 ussaiw,
1483 692 1621 761 respondit
1642 694 1695 750 illis
1716 694 1801 749 :Non
1823 703 1860 750 ert
1880 712 1945 767 opus
1963 700 2036 754 ιιιιίι

1241 781 1362 847 predicar,
1377 783 1421 836 ted
1434 782 1500 836 artois
1512 783 1670 839 irrorantibus.
1687 785 1721 841 Ει
1734 786 1849 842 ostendit
1860 788 1913 842 illis
1932 791 1977 859 qrri
1989 804 2036 845 cs·

1240 880 1301 928 sent
1311 873 1380 939 sarri,
1397 874 1478 943 etqui
1492 884 1650 944 egrotantes
1664 892 1671 929 ι
1684 875 1746 930 Non
1755 877 1821 943 ueni,
1834 877 1930 947 iuquit,
1944 895 2036 934 rocam

398 977 520 1037 turuvini
533 989 662 1045 usurpare
676 981 765 1044 petere
787 984 802 1024 a
821 967 935 1024 medion.
957 965 1018 1034 ¹lion
1039 961 1189 1034 prohiberis
1236 962 1331 1033 justat,
1345 965 1390 1019 red
1404 977 1546 1035 peccatores
1563 966 1668 1038 (lintis.
1684 983 1731 1031 rx,
1756 969 1860 1040 1143),
1886 968 1915 1025 sp
1935 986 2034 1040 pecca,

396 1081 501 1146 potere,
514 1083 548 1124 ne
560 1068 629 1123 torte
642 1081 694 1120 non
709 1064 756 1120 tibi
770 1068 875 1125 noceat,
889 1067 917 1114 et
929 1056 1054 1128 expediat
1073 1055 1119 1109 tibi
1140 1068 1187 1108 ac·

396 1164 498 1234 cipere.
514 1160 572 1215 Noli
586 1157 708 1214 dubitare
721 1164 811 1223 petere
825 1169 832 1206 τ
846 1158 916 1222 pete,
928 1147 981 1202 noli
990 1144 1107 1202 cunctari
1119 1159 1126 1209 ;
1139 1142 1187 1198 sed

397 1253 421 1310 sl
432 1268 487 1308 non
500 1248 645 1320 acceperis,
660 1246 714 1301 nuli
728 1241 888 1300 casanistari.
900 1239 928 1295 Si
948 1239 998 1293 boc
1010 1237 1060 1291 sub
1080 1232 1188 1289 bomine

398 1340 602 1400 medicaeamis
619 1347 686 1401 tuae;
699 1343 797 1405 natanto
813 1331 897 1401 magis
917 1328 968 1384 sub
993 1327 1050 1382 beo
1072 1323 1185 1390 medico,

398 1443 528 1495 creatore,
540 1436 693 1499 reparatore
706 1434 733 1480 ut
747 1423 834 1479 carnis
846 1429 874 1475 et
884 1419 980 1472 animae
994 1415 1065 1470 tuaei

435 1526 462 1581 5.
485 1520 603 1576 Orondeis
624 1516 703 1583 Dent,
724 1525 751 1569 ιιι
768 1531 784 1567 ιι
800 1512 867 1567 sitiit
884 1519 964 1564 sanct.
977 1505 1101 1569 Proinde,
1120 1509 1188 1573 ιῇιο·

350 1586 352 1591 Α
398 1614 470 1672 niam
486 1614 511 1667 in
527 1611 579 1664 bue
591 1607 707 1678 capitulo
721 1604 847 1659 Dominus
861 1600 894 1655 ad
907 1599 1055 1654 orationem
1069 1595 1189 1649 bortatus

399 1713 451 1768 est,
465 1702 511 1760 ubi
524 1701 601 1767 dixit,
617 1697 726 1769 Propter
738 1692 940 1749 nrcrrdub'tuteru
953 1698 1126 1743 nostrumnon
1141 1699 1189 1754 po·

398 1797 480 1852 ruistis
493 1795 540 1848 bor
555 1790 707 1846 dorononiam
719 1787 808 1856 sinere
820 1799 829 1838 .·
843 1782 877 1838 ad
884 1781 1031 1837 orationem
1043 1778 1115 1832 euim
1124 1777 1188 1830 bor-

399 1898 470 1944 tatns
483 1887 521 1941 sic
533 1882 674 1947 conclusit,
690 1879 745 1933 llos
759 1893 838 1947 penas
853 1892 902 1929 nun
922 1873 1031 1943 ejicitur,
1056 1869 1105 1923 nisi
1119 1867 1191 1938 jeju,

345 2013 350 2023 ι
398 1971 696 2033 vestrannatabare&
711 1978 770 2025 orat
783 1968 873 2031 burno,
883 1974 912 2019 ut
923 1963 1012 2033 ejiciat
1027 1958 1189 2014 ιιιιιιιοιιιιιιιι

398 2069 532 2132 ιιΙίιιιιιιιι;
550 2072 648 2134 quanto
666 2061 750 2130 magis
769 2067 797 2113 ut
819 2057 907 2126 ejiciat
928 2053 1067 2108 avaritiam
1089 2048 1187 2105 suam?

398 2167 497 2231 qnarrto
511 2156 604 2226 magis,
628 2163 656 2208 ut
672 2151 761 2220 ejiciat
777 2147 949 2204 vinolentiam
975 2142 1068 2199 suami
1089 2147 1190 2211 quarata

399 2253 493 2322 nangis,
508 2259 537 2304 ut
549 2247 638 2319 ejiciat
651 2243 781 2300 luxuriam
798 2238 893 2296 suarui
914 2245 1013 2307 quatuo
1035 2235 1121 2301 magis
1129 2273 1141 2335 ⁸.
1163 2238 1190 2286 ut

399 2346 486 2416 ejiciat
496 2339 690 2397 immunditiam
705 2334 800 2391 suana?
813 2332 917 2399 Quanta
932 2336 994 2384 sunt
1021 2327 1047 2380 in
1070 2325 1189 2390 homme,

398 2453 458 2508 quaa
467 2436 489 2491 si
504 2429 741 2504 perseveraverint,
751 2441 804 2480 non
819 2422 962 2478 admittunt
974 2419 1007 2473 ad
1016 2430 1125 2486 rugarum
1133 2429 1190 2514 ιιι-

400 2526 504 2583 lorum?
521 2523 630 2589 Videte,
647 2519 760 2583 iratres,
785 2511 921 2586 quomodo
938 2518 1046 2580 rogatur
1061 2505 1191 2573 Ἰ,ιιιιιιιιιιι

399 2634 448 2691 pru
457 2617 542 2673 salute
553 2610 707 2683 temporali,
719 2605 853 2677 quomodo
867 2604 890 2658 si
903 2602 1041 2673 quisquan
1052 2596 1190 2665 desperate

400 2714 520 2779 agrotet,
537 2701 663 2773 nutuquid
679 2697 855 2770 pudetiilum,
871 2701 917 2747 aut
931 2692 1002 2761 piget
1017 2689 1117 2743 boauini
1142 2702 1190 2790 pc·

400 2801 571 2862 tlestcnere,
596 2791 758 2864 peritissimo
779 2786 911 2841 archiatro
935 2782 1058 2853 laeryntis
1082 2791 1192 2849 vestigia

401 2886 509 2946 lavare?
522 2886 558 2941 Et
571 2884 645 2956 quid,
661 2882 683 2936 si
698 2879 796 2935 dixerit
810 2878 835 2933 ci
848 2875 966 2931 nacdicus
983 2893 989 2929 :
1010 2872 1102 2927 Sanan
1115 2871 1193 2925 aliter

400 2975 615 3049 malmesbiri
641 2982 667 3028 tc
681 2972 806 3042 ligavero,
819 2966 961 3032 adussero,
983 2963 1115 3020 secuero?
1136 2962 1192 3017 lle·

400 3069 513 3142 spondet
528 3085 535 3122 :
550 3062 683 3135 lacuum
696 3061 754 3125 vis,
770 3068 871 3114 tantuna
886 3071 950 3110 sana
964 3070 1017 3110 ιιιι.
1031 3054 1136 3121 Quatno
1149 3067 1193 3106 ar·

400 3164 466 3219 dore
478 3159 612 3217 desiderat
623 3150 877 3228 paucornm‘dicruut
888 3161 1028 3218 vapoream
1039 3146 1189 3211 salsitatem,

403 3263 431 3308 nt
445 3268 494 3323 pro
504 3252 547 3306 illa
557 3260 584 3305 ιι
595 3247 669 3317 ligari
684 3245 757 3310 velit,
772 3250 799 3297 et
811 3238 907 3304 secari,
919 3247 946 3292 et
959 3237 1009 3301 uri,
1025 3244 1052 3290 et
1064 3234 1192 3290 custodiri

401 3360 435 3399 nc
449 3341 591 3398 rnaraducet
604 3337 673 3408 qraod
687 3335 817 3399 delcetat,
835 3345 867 3386 nu
882 3331 954 3385 bibat
965 3327 1041 3398 ¹(pund
1067 3326 1191 3389 delectat,

401 3433 565 3505 nocquandu
579 3431 694 3486 ddectat
705 3427 717 3481 i
730 3426 825 3481 Totum
842 3423 948 3492 patitur,
970 3431 997 3475 ut
1019 3419 1105 3474 surius
1133 3432 1193 3520 mo-

400 3527 485 3582 riatur
500 3541 507 3577 :
521 3533 548 3579 et
559 3538 612 3577 nun
628 3521 683 3574 vult
696 3531 779 3588 pauca
800 3515 873 3585 pati,
889 3521 918 3568 ut
942 3526 1076 3580 uttttqttutn
1093 3524 1193 3565 rraurra-

402 3617 460 3672 ιιιιι
474 3615 502 3669 si
514 3614 559 3668 tibi
569 3613 640 3668 dieat
656 3611 735 3674 Deus,
752 3607 795 3676 nni
805 3603 924 3661 caelestis
935 3611 1068 3671 estsuper
1079 3615 1194 3656 rrusme·

398 3707 476 3763 dicus
491 3722 498 3758 :
512 3704 552 3760 ‘lu
565 3701 653 3757 sariam
667 3700 726 3755 visi
740 3699 804 3769 quaid
817 3696 934 3752 dicturus
948 3708 988 3759 es,
1003 3691 1064 3760 uisi,
1080 3691 1193 3747 sanari?

400 3799 483 3855 Forte
492 3810 546 3852 non
559 3794 637 3860 dicis,
649 3791 710 3864 quia
723 3804 816 3846 suarum
828 3796 855 3843 tu
876 3794 971 3856 putas,
987 3782 1039 3839 hoc
1059 3791 1101 3840 cst
1121 3781 1193 3854 quud

401 3890 477 3961 peius
490 3895 614 3958 aegrotas.

436 3981 464 4036 d.
484 3978 654 4049 AEprotortun
668 3973 718 4028 duo
731 3986 832 4043 perreru.
846 3967 961 4025 Christus
975 3965 1087 4020 taedians
1107 3981 1193 4019 ouantes

401 4080 508 4143 capream
532 4068 635 4122 inuenit.
658 4064 723 4119 Natu
748 4062 770 4116 ri
796 4060 863 4115 duos
884 4067 999 4129 aegrotos
1030 4056 1191 4119 constituas3

401 4177 483 4218 unum
496 4161 540 4230 navi
550 4157 639 4215 dendo
652 4154 784 4211 medicum
799 4160 884 4222 roget,
898 4150 1009 4204 alterum
1021 4148 1064 4217 qui
1080 4148 1105 4201 in
1120 4146 1193 4215 argri-

402 4254 493 4310 tudine
505 4267 551 4306 sua
564 4291 572 4316 ,
585 4258 675 4305 moute
695 4244 818 4318 perdita,
843 4241 953 4296 irrideat
977 4238 1124 4302 medicum
1148 4238 1193 4292 ilie

401 4362 478 4417 spem
492 4343 621 4416 promittit
634 4340 718 4405 denti,
730 4337 830 4409 plangit
850 4334 990 4390 ridentem.
1012 4333 1119 4398 otiare,
1141 4331 1191 4386 uisi

401 4441 464 4511 quia
479 4445 553 4494 tantu
565 4433 740 4507 periculosius
758 4436 878 4501 agrotat,
894 4435 1020 4498 quarrtnm
1042 4439 1072 4480 so
1097 4438 1191 4477 sanum

402 4531 497 4604 putati
508 4529 554 4588 Sit
567 4535 645 4585 aaut
670 4533 698 4580 ct
717 4522 814 4579 ludaei.
829 4520 870 4575 Ad
892 4528 1006 4589 aegrotos
1021 4516 1093 4572 venit
1116 4515 1194 4570 Clui-

402 4633 470 4686 stns,
485 4633 580 4675 omncs
593 4625 708 4686 egrotos
729 4610 839 4667 invonit.
862 4609 945 4664 Nemo
957 4607 1007 4661 sibi
1033 4607 1067 4662 dc
1079 4605 1193 4661 sanitate

402 4712 561 4775 blandiatur,
582 4721 620 4761 no
634 4702 769 4760 renuntiet
788 4699 823 4754 ad
846 4700 919 4752 illum
935 4697 1068 4753 naudicus.
1093 4696 1192 4751 Omnes

401 4808 516 4870 asarotos
542 4795 658 4859 ιιιιιιιίις
681 4791 826 4861 apostolas
851 4788 984 4845 sententia
1003 4795 1074 4842 ast:
1099 4786 1192 4843 Oranus

402 4893 468 4948 eninr
481 4895 653 4962 praeterunt,
671 4894 694 4938 et
706 4891 779 4954 eperat
802 4880 883 4952 pluria
900 4878 950 4933 Dei
974 4877 1190 4949 (licentiabit).

401 4985 468 5041 ὒιιιιι
481 4996 544 5051 crgo
556 4994 650 5035 omnes
663 4975 808 5033 invenisset
819 4981 944 5043 aegrotos,
958 4971 1011 5026 duo
1020 4985 1118 5040 genera
1128 4969 1191 5026 vtae-

401 5084 465 5133 runt
475 5082 645 5145 aegrotorum.
660 5069 710 5124 ttii
722 5063 908 5122 renuebantad
920 5062 1062 5124 naediurm,
1079 5062 1192 5117 iubare·

402 5170 465 5224 bant
475 5164 593 5227 Christo,
612 5160 767 5219 audiebant.
792 5155 975 5217 honorabant,
1001 5155 1190 5225 sequebantur,

303 5243 307 5251 ¹
402 5256 634 5315 convertebantur.
650 5252 696 5307 lile
706 5249 854 5320 accipiebat
867 5262 961 5303 omines
979 5248 1037 5302 sine
1051 5247 1103 5302 ullu
1116 5246 1191 5301 iasti-

401 5351 446 5407 dio
458 5357 610 5414 sanaturus,
623 5346 669 5417 qui
679 5343 762 5416 gratis
777 5343 904 5407 sanabat,
925 5342 986 5411 quia
1000 5342 1191 5411 omnipotentia

402 5443 522 5497 attrabat.
535 5440 600 5495 Cum
614 5452 679 5508 ergo
691 5435 839 5503 susciperet
851 5447 908 5496 cos.
928 5440 956 5487 et
970 5431 1122 5502 adjungeret
1140 5434 1189 5488 sibi

401 5529 544 5594 sanarados,
558 5528 595 5582 illi
605 5527 813 5582 exsultaverunt.
829 5521 907 5576 aliud
922 5536 984 5576 vero
996 5535 1080 5591 genus
1106 5537 1192 5592 agro·

401 5633 499 5688 torum,
521 5619 567 5690 qui
578 5618 632 5687 bru
644 5612 800 5685 ngritvrdine
812 5610 957 5680 iniqnitatis
972 5619 1089 5666 mentem
1100 5612 1190 5681 perdi·

401 5710 506 5774 derant,
520 5718 548 5764 et
559 5723 587 5764 se
600 5713 730 5777 egrotare
745 5701 914 5765 nescicbnut;
935 5700 1127 5757 insultaverunt
1140 5703 1187 5769 ilii,

402 5800 462 5867 naria
477 5798 640 5868 suscipiebat
651 5804 778 5866 aegrotos,
789 5801 816 5848 et
830 5791 953 5846 dixerunt
963 5790 1100 5862 discipulis
1112 5793 1188 5863 ejus:

404 5889 565 5959 Eccepualis
578 5884 894 5959 samaritanorumque·
906 5900 962 5938 cum
977 5885 1147 5954 peccatoribus
1166 5896 1191 5941 et
1217 5956 1224 5965 .

403 5980 543 6052 publicanis
552 5981 696 6035 ιιιιιιιιιιιαι.
712 5978 796 6034 Etillc
807 5975 853 6049 qui
871 5987 982 6035 noverat
1002 5977 1064 6050 quid
1085 5988 1184 6048 essem,

1240 1062 1323 1121 tores,
1339 1054 1600 1126 lunainduentur
1615 1060 1754 1126 accedunt,
1774 1076 1857 1131 qarare
1869 1063 1950 1117 veru?
1968 1079 2036 1134 pro·

1239 1154 1299 1216 pter
1309 1160 1376 1216 quos
1389 1147 1469 1201 venii
1481 1148 1509 1203 Si
1522 1164 1615 1204 omnes
1627 1152 1684 1204 sani
1694 1160 1766 1216 sunu,
1781 1167 1863 1221 narare
1876 1162 1967 1208 tantus
1978 1168 2037 1209 rraeb

1240 1236 1315 1294 dicus
1325 1239 1359 1295 de
1374 1241 1442 1295 coeio
1453 1240 1611 1295 deseendit?
1625 1258 1707 1312 quare
1720 1244 1797 1299 uobis
1808 1245 2034 1302 medicamentum

1241 1343 1294 1384 nnn
1308 1328 1342 1384 de
1356 1331 1471 1386 arnanrio
1483 1346 1542 1398 saro,
1556 1330 1603 1388 sed
1614 1332 1647 1388 de
1657 1336 1786 1404 sanguine
1808 1350 1857 1390 suo
1871 1336 1950 1391 lecit?
1963 1337 2035 1409 Ergo

1241 1420 1306 1476 illud
1319 1437 1403 1492 genus
1414 1433 1572 1493 argentorum
1586 1426 1631 1495 qui
1646 1425 1737 1480 mitius
1749 1428 1924 1496 egrotabant,
1943 1430 1990 1500 qui
2005 1445 2035 1486 se

1241 1524 1372 1582 aegrotare
1381 1516 1539 1582 sentiebant,
1552 1525 1580 1571 ut
1595 1528 1770 1586 sanarentur,
1786 1520 1889 1575 medico
1910 1521 2034 1578 rubuere·

1241 1602 1314 1656 bant.
1328 1601 1369 1657 llli
1385 1615 1474 1659 autem
1490 1605 1533 1674 qui
1546 1606 1720 1674 periculosius
1733 1609 1910 1678 egrotabant,
1926 1611 2034 1667 medica

1242 1693 1413 1761 insultabant,
1429 1707 1543 1766 aegrotos
1557 1697 1796 1755 calumniabantur.
1819 1702 1859 1757 ud
1881 1706 2033 1758 'extremum

1241 1799 1294 1854 otro
1309 1787 1438 1854 processit
1448 1786 1587 1856 phrenesis
1601 1789 1739 1858 ipsorum?
1755 1790 1787 1847 tn
1809 1792 1940 1848 raaudieum
1958 1803 2035 1849 tene·

1242 1883 1312 1943 rent,
1328 1876 1452 1946 ligarent,
1464 1876 1645 1946 flagellarent,
1662 1880 1746 1949 spinis
1764 1891 1937 1948 coronarent,
1961 1883 2036 1954 ligno

1242 1967 1444 2036 suspenderent,
1455 1981 1534 2023 cruce
1544 1978 1680 2025 necarent.
1692 1970 1759 2037 Quid
1767 1972 1891 2027 auirarisl
1901 1973 2035 2029 ttsdteuua

1242 2058 1339 2115 occidit
1359 2067 1474 2129 egrotus
1495 2077 1502 2114 :
1525 2060 1572 2116 sed
1583 2078 1644 2117 curn
1662 2063 1781 2118 medicus
1801 2065 1905 2121 occisus
1926 2067 2037 2124 sanavit

1244 2148 1438 2218 plnenetieum.

1277 2241 1305 2297 5.
1320 2241 1377 2307 Quo
1389 2245 1498 2299 reuredt'o
1511 2261 1555 2314 per
1570 2244 1697 2300 Cluuiarum
1716 2248 1798 2302 suuuti
1817 2249 1914 2319 oeprutt'.
1936 2249 2037 2306 llerct'·

1242 2349 1353 2388 atoutuut
1368 2336 1473 2391 coeiene.
1487 2337 1575 2391 Oratio
1587 2335 1680 2392 Christi
1701 2355 1747 2409 pro
1761 2341 1954 2407 crucifixoribus
1969 2343 2037 2397 ruis.

1244 2423 1332 2480 Primo
1364 2427 1435 2480 enim
1463 2442 1515 2482 nun
1539 2427 1698 2482 obliviscens
1729 2429 1755 2484 in
1787 2444 1865 2486 eruce
1890 2448 2037 2502 personant

1243 2531 1337 2584 stram,
1362 2528 1389 2573 ιι
1407 2518 1593 2575 demonstraus
1617 2522 1693 2576 nobis
1715 2523 1868 2591 patientiam
1894 2541 1983 2592 suam,
2007 2536 2038 2583 et

1244 2609 1394 2678 exemplum
1413 2611 1534 2679 praebens
1555 2611 1680 2681 diligendi
1703 2613 1825 2669 inimicus
1850 2625 1974 2683 nostrus3
1996 2619 2039 2672 ri·

1243 2697 1614 2767 denseoscircumiremcro,
1634 2704 1679 2772 qui
1705 2714 1815 2760 noverat
1836 2706 1959 2761 morbum
1972 2707 2038 2764 illo·

1244 2803 1317 2853 rum,
1333 2789 1393 2857 quia
1407 2789 1542 2855 medicus,
1556 2792 1601 2860 qui
1615 2802 1725 2847 noverat
1746 2795 1898 2864 pbrcucsim
1926 2798 1954 2851 in
1982 2813 2039 2868 qua

1244 2886 1360 2932 urentem
1385 2879 1573 2947 perdiderant,
1596 2883 1724 2937 continuo
1746 2884 1779 2938 ad
1806 2885 1930 2941 Patrem:
1945 2887 2039 2955 Pater,

1244 2967 1344 3038 ipnosce
1358 2969 1417 3034 iilis,
1432 2971 1492 3039 patin
1506 2973 1617 3025 ιιιισὶιιιιι
1626 2957 1874 3046 qnidfuciuntdlnc.
1887 2995 1963 3046 xxttt,
1978 2982 2039 3052 tt).

1245 3059 1346 3115 Putatis
1356 3071 1462 3128 autem,
1478 3062 1540 3133 quia
1568 3080 1621 3118 non
1650 3065 1687 3119 iiii
1712 3066 1796 3121 iudan
1821 3071 2040 3140 malignierant,

1245 3150 1325 3217 saevi,
1335 3155 1459 3219 cruenti,
1475 3153 1630 3220 turbulenti,
1645 3155 1745 3213 irainaiei
1760 3158 1829 3213 Filio
1852 3162 1919 3216 lici?
1934 3163 2042 3221 Putatis

1244 3242 1305 3312 quia
1321 3244 1425 3299 vaeavit
1443 3260 1493 3299 vox
1520 3246 1579 3313 illa,
1597 3247 1721 3305 atinsnis
1736 3251 1805 3306 luit:
1825 3252 1910 3321 Pater,
1935 3256 2042 3328 ipnotce

1245 3335 1314 3399 illis,
1338 3338 1397 3405 quin
1426 3340 1537 3394 nesciunt
1563 3342 1625 3412 qnid
1650 3342 1766 3409 fuciunt?
1792 3343 1891 3402 Omnes
1910 3347 2041 3418 videbat,

1245 3425 1366 3482 sedsuus
1389 3428 1492 3484 staturos
1520 3430 1556 3486 ibi
1580 3435 1766 3504 cognoscebat.
1784 3437 2042 3508 benique-mortuus

1245 3525 1301 3583 est,
1313 3519 1374 3587 qnia
1385 3519 1424 3573 sic
1437 3521 1603 3589 expediebat,
1617 3534 1646 3578 ut
1660 3537 1746 3581 morte
1757 3543 1803 3582 sua
1816 3528 1953 3585 occideret
1962 3547 2042 3587 raror-

1245 3614 1310 3663 tetn.
1322 3605 1442 3664 llortuus
1455 3619 1496 3664 est
1510 3611 1592 3677 bens,
1610 3623 1638 3668 ut
1656 3618 1837 3684 compensatio
1859 3620 1934 3674 sacrm
1955 3623 2043 3679 ourio-

1244 3698 1293 3754 stis
1302 3699 1438 3769 cujusdam
1449 3703 1631 3771 meauinrunii,
1645 3721 1678 3759 ne
1694 3716 1806 3762 raaurtenr
1823 3708 1924 3763 videret
1942 3711 2039 3768 laomo.

1245 3789 1315 3846 bens
1325 3791 1395 3845 etaim
1410 3790 1547 3855 Christus,
1564 3793 1610 3848 sed
1635 3810 1688 3849 non
1704 3796 1738 3852 ibi
1756 3807 1878 3853 mortuus
1892 3800 1938 3854 ubi
1954 3801 2040 3858 Deus.

1246 3880 1318 3938 idem
1330 3883 1401 3939 enim
1416 3884 1501 3947 Deus,
1524 3885 1592 3941 idern
1608 3886 1688 3942 bomo
1702 3906 1708 3941 :
1722 3905 1790 3943 untrs
1804 3892 1882 3944 tanim⁴
1894 3891 2040 3961 eurotas,

1245 3971 1316 4027 Deus
1328 3982 1355 4027 ct
1369 3973 1458 4027 lromo.
1474 3973 1561 4028 llumu
1579 3987 1731 4046 assnnaptus
1754 3986 1812 4044 est,
1839 3990 1867 4034 ut
1890 3981 1918 4034 in
1940 3983 2041 4039 mutar

1244 4073 1418 4130 mutaremur,
1435 4080 1487 4119 non
1504 4065 1585 4119 Deum
1599 4065 1631 4119 ad
1639 4066 1770 4122 deteriora
1783 4071 1904 4125 detersit.
1918 4073 2039 4128 Assum·

1245 4156 1298 4224 psit
1310 4156 1381 4210 enim
1396 4155 1466 4225 quod
1482 4166 1609 4221 arcuerat,
1626 4172 1678 4212 non
1693 4160 1781 4213 amisit
1795 4161 1865 4230 rpuud
1878 4173 1948 4218 erat.
1962 4164 2033 4221 uun

1245 4259 1309 4316 ergo
1323 4245 1392 4301 bens
1404 4254 1475 4301 esset
1488 4255 1515 4300 ιι
1529 4246 1624 4311 bomo,
1640 4248 1733 4304 votens
1753 4266 1800 4302 ravis
1816 4252 1904 4308 vivere
1924 4253 1958 4309 dc
1971 4270 2037 4322 suo,

1245 4347 1417 4393 mortuusest
1438 4338 1472 4393 dc
1494 4349 1596 4394 inostro.
1619 4339 1694 4395 Untlc
1715 4342 1785 4395 etaim
1808 4343 1865 4411 ipse
1887 4356 2042 4402 numeretur

1245 4444 1299 4484 non
1313 4429 1425 4484 babebat
1437 4447 1443 4481 :
1456 4430 1502 4485 scd
1517 4446 1565 4485 trec
1577 4446 1625 4485 taos
1633 4431 1704 4485 urade
1715 4432 1874 4488 viveremus.
1882 4433 1950 4500 Quid
1962 4436 2040 4493 earini

1246 4522 1290 4576 ille
1304 4530 1370 4586 erat,
1387 4523 1430 4591 quai
1455 4537 1506 4575 nun
1522 4521 1635 4576 babebat
1650 4522 1718 4577 arride
1733 4526 1900 4579 moreretur?
1916 4525 1949 4579 ln
1963 4528 2041 4595 pria.

1244 4614 1310 4682 ripr'u
1328 4624 1381 4666 erat
1410 4613 1533 4680 Vmbriam
1556 4623 1579 4667 et
1604 4614 1709 4668 l'erbrnn
1729 4630 1783 4668 erut
1806 4615 1876 4684 opud
1898 4616 1991 4686 Dentri,
2015 4629 2040 4674 et

1244 4705 1313 4761 Dens
1327 4717 1380 4761 erat
1400 4706 1516 4760 Verbum.
1531 4706 1623 4772 Qvantae
1634 4707 1667 4761 de
1679 4707 1733 4761 [leo
1744 4707 1814 4762 urrde
1827 4708 1964 4778 inauriatur,
1980 4727 2038 4768 raon

1244 4798 1372 4852 invenies.
1387 4797 1440 4852 Nus
1454 4805 1541 4850 autem
1557 4798 1694 4861 movimur,
1707 4797 1750 4866 qui
1767 4812 1860 4853 sumus
1881 4814 1956 4868 caro,
1969 4816 2039 4872 pcc·

1243 4889 1295 4943 enti
1312 4903 1419 4942 earnem
1434 4896 1542 4958 portans
1556 4886 1636 4941 bomo
1651 4890 1672 4939 ¹.
1692 4888 1832 4943 Peccatum
1850 4904 1941 4958 quere
1964 4891 2040 4948 unde

1243 4981 1332 5044 visat,
1348 4994 1400 5034 non
1415 4979 1503 5034 babet.
1519 4977 1572 5033 llcc
1586 4979 1631 5033 ille
1644 4994 1708 5049 ergo
1730 4981 1815 5049 potuit
1838 4980 1935 5035 babere
1958 4996 2038 5037 mor·

1243 5079 1297 5127 tem
1309 5072 1408 5138 desuo,
1425 5087 1474 5126 nee
1484 5087 1533 5127 nos
1544 5070 1625 5126 vitam
1645 5071 1678 5126 de
1693 5082 1786 5128 nostru
1802 5091 1809 5126 ι
1824 5074 1871 5130 sed
1886 5090 1936 5130 nos
1950 5076 2036 5132 vitam

1243 5163 1278 5220 de
1289 5163 1387 5234 ipsius,
1402 5163 1446 5218 ille
1459 5173 1571 5219 mortem
1585 5163 1619 5233 de
1633 5174 1735 5219 inostro.
1749 5166 1841 5233 Qaralia
1857 5170 2039 5227 eurnnoereial

1243 5255 1305 5326 quid
1316 5255 1405 5317 dedit,
1419 5263 1446 5308 et
1462 5255 1524 5325 qrtid
1542 5255 1662 5324 accepit?
1682 5255 1831 5313 llertantes
1853 5257 1976 5323 lauinines
1991 5275 2039 5323 ae-¹

1244 5347 1361 5402 uiuntad
1374 5348 1548 5413 ennvnrercia,
1563 5346 1596 5400 ad
1612 5363 1656 5401 res
1669 5348 1819 5403 mutandas.
1843 5348 1909 5404 llam
1924 5351 2039 5421 antiqua

1243 5439 1401 5496 cerrarmcreia
1415 5454 1502 5492 rerunt
1517 5438 1628 5493 snutatio
1640 5438 1698 5491 luit.
1714 5438 1797 5492 natat
1812 5441 1891 5495 trumo
1904 5442 1976 5510 quod
1991 5440 2037 5497 latr

1243 5530 1340 5597 bebat,
1354 5538 1381 5584 et
1410 5529 1556 5598 accipiebat
1573 5528 1644 5599 quod
1665 5544 1717 5583 uon
1741 5529 1863 5584 babebat.
1878 5529 1958 5586 Verbi
1971 5547 2036 5602 gra·

1245 5621 1297 5687 tia,
1318 5620 1431 5676 babebat
1454 5620 1586 5687 triticum,
1607 5619 1654 5674 scd
1679 5619 1807 5675 bordeum
1827 5637 1880 5676 raon
1903 5622 2038 5692 babebat;

1243 5714 1313 5770 altcr
1324 5713 1453 5769 hordeum
1468 5711 1601 5780 babebat,
1628 5720 1655 5766 ct
1681 5711 1799 5769 triticum
1821 5728 1875 5769 uon
1899 5714 2037 5772 babebat:

1245 5926 1247 5930 .
1275 5869 1658 5931 trubertinusns.,quidesret.
1899 5931 1904 5940 ἱ

1274 5934 1365 5980 ‘rorte
1385 5930 1516 5993 legendum
1535 5933 1583 5989 sic,
1593 5931 1635 5995 ptri
1647 5943 1729 5983 ιιιιιιιι
1745 5943 1804 5983 cato
1813 5933 1905 5996 paoem
1916 5944 2038 5986 :m

1244 5991 1591 6058 metaumaucensis.
1780 6018 1783 6023 ·
