4759 6684
365 564 434 621 illi

365 677 478 733 Uornino
491 720 497 742 ,
514 686 541 732 et
560 676 676 732 tenebre
689 674 747 730 siue
764 675 876 729 Domino
889 690 896 739 3
921 661 1032 726 aec'erlitc
1045 671 1079 724 ad
1090 687 1159 738 crim,

369 784 389 827 rt
403 773 592 827 illuminamini.

400 862 514 920 CAPUT
541 864 584 920 lii.
598 894 634 906 -
645 865 672 921 5.
685 862 779 920 Cirristi
794 863 878 933 passio
892 862 1045 932 praclictar'n
1059 859 1162 915 Psnlrno

366 954 540 1011 dedicationis.
561 954 699 1011 Attendite
712 953 739 1009 in
756 954 862 1009 Psalmo
875 953 1066 1020 dedicationis,
1082 966 1162 1022 quem

366 1047 446 1102 ruodo
461 1047 645 1113 cantavimus,
672 1062 704 1102 ex
725 1047 800 1102 ruina
814 1045 955 1100 aedilicium
969 1045 988 1098 ¹.
1013 1042 1162 1098 Corrseidisti

365 1158 468 1197 saceron
481 1157 562 1196 meum
577 1156 586 1195 .·
601 1138 652 1195 lrcc
665 1139 780 1211 pertinet
793 1139 826 1193 ad
841 1138 955 1193 ruiuaor.
968 1137 1036 1205 Quid
1050 1149 1115 1205 crgo
1127 1135 1161 1190 ad

365 1234 507 1290 mtiiirciuur
517 1233 529 1287 i
541 1231 575 1287 m
589 1233 721 1288 accinxisti
732 1248 772 1286 me
784 1231 880 1286 latitia.
906 1229 961 1285 ior
975 1227 1160 1292 dedicationis,

368 1326 401 1381 Ut
421 1335 502 1379 cantet
515 1324 559 1380 titt
573 1325 655 1398 gioria
669 1340 744 1392 mea,
757 1333 780 1379 ct
791 1339 841 1377 non
854 1338 1020 1393 compungar.
1042 1319 1108 1386 Quis
1121 1326 1163 1373 est

364 1418 408 1489 qni
434 1417 571 1489 ioqoitori
597 1415 625 1472 in
648 1416 735 1474 ceritis
753 1415 813 1486 ejus
836 1412 984 1486 agnoscite.
1011 1411 1039 1469 Si
1056 1425 1162 1482 expono

364 1512 509 1565 obscurum
531 1517 582 1565 cst.
614 1509 685 1577 Ergo
712 1509 791 1564 rerba
817 1506 877 1576 ejus
906 1505 1010 1572 dicam,
1035 1505 1162 1559 continuo

364 1602 517 1673 agnoscetis
535 1601 710 1671 loquentem,
727 1609 753 1653 ot
769 1599 864 1653 ametis
884 1596 1073 1666 alioquentem.
1097 1593 1161 1662 chis

366 1703 407 1747 est
434 1693 479 1764 qui
502 1692 590 1748 dicere
617 1692 720 1761 potuit,
748 1689 872 1751 Domine,
903 1687 990 1742 eruisti
1014 1683 1046 1739 ai
1073 1687 1162 1757 inferis

365 1787 476 1840 animam
490 1803 571 1839 meum
586 1783 672 1855 (Psoi.
687 1798 775 1849 xxix,
791 1781 839 1848 ii,
854 1781 902 1846 id,
918 1779 968 1849 di?
981 1778 1061 1848 Cujus
1073 1778 1160 1832 anima

365 1878 420 1946 jam
434 1875 468 1931 ab
482 1875 574 1930 inieris
587 1884 660 1928 cruta
675 1883 735 1940 est,
755 1872 805 1927 uisi
820 1871 853 1927 de
874 1885 925 1942 qua
938 1870 1038 1925 dictum
1053 1876 1094 1924 est
1107 1868 1162 1922 aiio

364 1968 441 2034 ioco,
464 1966 524 2023 li'ou
538 1965 693 2037 derelinques
705 1964 817 2019 animam
829 1979 910 2016 meam
923 1962 1061 2033 ininferna
1075 1958 1160 2030 (Psoi.

365 2076 411 2126 ιι,
428 2060 492 2132 lib?
508 2059 668 2129 proponitur
682 2056 831 2121 dedicatio,
845 2064 872 2110 et
885 2063 1008 2109 cantatur
1021 2051 1160 2108 liberatio:

364 2153 492 2222 Joiriiator
511 2153 642 2206 coroticum
665 2148 843 2206 dedicationis
864 2147 979 2214 domus,
1004 2153 1031 2200 et
1050 2143 1159 2209 dicitur,

364 2245 490 2300 iz'aoltulra
509 2254 550 2307 te,
567 2243 693 2308 Dorrrine,
716 2241 836 2311 ‹prrarriaur
854 2235 986 2306 suscepisti
1002 2252 1057 2302 me,
1074 2245 1098 2289 et
1110 2249 1161 2288 non

362 2336 508 2409 jnrcrtrulmti
530 2335 645 2389 ininu'cos
667 2348 733 2386 rrreos
754 2347 831 2402 saper
853 2346 892 2383 me
916 2328 1002 2399 (l’sal.
1017 2342 1098 2393 sctit,
1118 2325 1158 2399 ἲ).

365 2428 500 2483 Attendite
514 2426 621 2483 ludnos
636 2425 775 2491 inimicos,
791 2424 836 2494 goi
849 2438 878 2477 se
891 2421 1019 2492 potabant
1030 2419 1161 2475 occidisse

363 2518 518 2581 tlirristom,
538 2517 635 2572 vicisse
648 2514 723 2586 acrasi
738 2514 893 2577 inimicum,
916 2511 1065 2582 perdidisse
1083 2508 1159 2579 quasi

365 2610 499 2663 bominem
520 2606 625 2662 catoris
647 2606 761 2660 siorileor
782 2613 861 2673 atnpoe
885 2602 1035 2657 mortalem.
1058 2601 1158 2656 Resur-

364 2698 432 2753 resit
448 2698 522 2752 tertia
539 2696 593 2763 die,
604 2705 631 2751 et
646 2697 702 2750 lraee
715 2703 756 2749 est
768 2710 819 2748 vox
833 2692 901 2763 ejus,
915 2690 1043 2746 Esaltoio
1053 2699 1087 2757 tc,
1105 2689 1158 2745 ilo·

364 2791 449 2855 mine,
472 2790 591 2858 antoniam
612 2787 743 2857 suscepisti
767 2802 816 2839 me.
841 2783 977 2840 Attendite
1002 2782 1159 2853 Apostolum

364 2881 496 2936 dicentem
509 2923 517 2947 ,
540 2879 651 2950 Propter·
664 2880 731 2947 cocu
746 2894 801 2931 eant
817 2875 884 2931 Deus
897 2875 1034 2941 exultauit,
1054 2884 1078 2929 et
1093 2874 1160 2928 clc’dit

364 2969 404 3025 illi
417 2989 507 3026 nornen
520 2971 589 3042 paracl
602 2979 639 3024 est
653 2986 728 3041 super
741 2984 814 3022 atrine
828 2984 918 3022 nanren
933 2966 1063 3038 (Plrilipp.
1074 2980 1102 3030 u,
1118 2965 1158 3036 a).

365 3064 398 3119 Et
410 3082 459 3119 non
466 3063 616 3136 jrrrrtndasti
628 3063 742 3116 iniurieas
755 3077 822 3115 oreos
834 3076 910 3130 ratper
925 3076 972 3113 nte.
988 3058 1038 3128 ipsi
1051 3057 1159 3129 rptricicm

365 3156 391 3210 io
410 3155 507 3212 Christi
528 3162 614 3209 tricosto
635 3151 869 3224 jucundabantur,
895 3148 942 3204 scd
958 3149 983 3202 io
999 3148 1057 3216 ejus
1071 3162 1161 3202 resur·

365 3245 496 3310 rectione,
512 3244 687 3309 ascensione,
705 3241 893 3313 predicatione
906 3239 986 3309 aliqui
999 3252 1160 3307 errnrpuogc-

365 3336 471 3392 bantur.
487 3338 515 3392 iu
528 3336 587 3406 ejus
600 3348 663 3405 ergo
674 3333 863 3404 predicatione
876 3341 902 3387 et
914 3346 962 3400 per
972 3328 1159 3400 Apostolorum

366 3432 542 3486 ccrrrstantiam
563 3427 744 3482 diiiamatimrc
766 3425 846 3495 aiiqoi
867 3421 1114 3493 compungebantur
1133 3429 1160 3476 ct

369 3521 604 3582 corrnertotnruor,
617 3519 698 3587 aliqui
714 3517 913 3572 obdurabantur
926 3524 952 3571 ct
964 3513 1162 3570 eonburdcban·

367 3622 424 3678 tur;
449 3612 511 3666 noiii
533 3620 622 3665 irrorcu
643 3608 867 3679 jorcrurdubautnr.
893 3605 971 3659 Aiodo
990 3604 1096 3674 qrraudo
1110 3604 1161 3657 im-

367 3704 472 3775 pleatur
489 3702 611 3758 ccc-iusim
630 3743 638 3766 ,
664 3709 787 3770 putaums
804 3697 944 3768 iocrrudari
961 3694 1087 3749 irniaos?
1110 3693 1161 3749 Ue·

366 3795 454 3851 elesius
467 3794 648 3856 aediiieaotur,
661 3790 839 3852 dedicantur,
856 3784 1012 3853 implentur,
1026 3783 1161 3854 quomodo

366 3886 401 3941 ilii
422 3882 619 3955 jucurulautur‘l
645 3880 704 3935 Nou
721 3880 808 3932 solum
829 3891 881 3930 nou
895 3875 1094 3945 jucrurdantur,
1113 3874 1161 3931 scd

368 3978 447 4032 otiam
472 3952 700 4036 confunduntur}
720 3976 747 4025 et
767 3968 892 4038 impietur
915 3982 965 4021 ros
992 3967 1160 4035 cxsoinntis,

368 4063 494 4119 Uxultoia
509 4072 553 4129 ie,
575 4060 703 4127 Daritim,
718 4059 836 4132 quoniam
848 4058 980 4128 suscepisti
990 4074 1046 4124 me,
1068 4067 1092 4111 et
1110 4073 1161 4112 nott

365 4155 511 4226 jocerrnclasti
529 4154 645 4209 inimicos
667 4169 734 4207 meos
757 4167 834 4223 super
855 4166 904 4205 inc.
927 4148 987 4205 Nou
1007 4149 1161 4219 jucundasti

367 4263 449 4316 super
461 4262 504 4301 ure
522 4245 563 4300 :si
577 4243 642 4299 nribi
657 4244 777 4308 credaut,
788 4240 948 4311 jucundabis
958 4240 984 4294 in
1001 4254 1054 4294 ure.

402 4336 515 4393 CAPUT
534 4335 579 4390 itt.
594 4364 630 4376 -
640 4333 675 4391 A.
693 4330 807 4388 Pretium
821 4342 933 4385 nastrmn
943 4331 1046 4402 conparis
1058 4329 1160 4387 dicim.

368 4427 407 4483 Νι
420 4426 502 4482 muita
516 4426 652 4490 dicamus,
669 4424 701 4478 acl
716 4423 758 4478 iila
772 4439 831 4493 qua
844 4421 1012 4476 cantavimus
1021 4421 1162 4492 aliquando

371 4519 518 4576 veniamus.
530 4516 670 4587 Quomodo
679 4515 744 4571 dicit
754 4516 885 4580 Cirristus,
899 4514 1049 4569 Corrsridisti
1060 4529 1162 4568 sacram

369 4628 467 4678 incunt,
489 4621 512 4665 et
529 4604 660 4664 accinxisti
675 4624 714 4663 ure
743 4608 851 4663 latitia?
874 4607 973 4663 Saccus
986 4607 1045 4676 ejus
1058 4605 1163 4661 cretsi-

368 4702 489 4760 mititudo
505 4702 591 4757 caruis
612 4702 724 4773 peceati.
745 4700 802 4756 Non
817 4698 865 4755 tibi
884 4698 1010 4764 vilescat,
1028 4696 1098 4769 arrad
1113 4697 1160 4766 ait,

368 4811 469 4850 saccrcrn
485 4809 566 4848 uncum
582 4809 592 4847 .·
607 4793 641 4846 ibi
659 4803 714 4846 erat
727 4792 856 4846 inclusum
867 4791 981 4860 pretium
995 4797 1077 4844 turim.
1093 4787 1162 4844 Can·

369 4886 465 4942 scidr'sti
486 4901 588 4940 saccum
609 4899 702 4938 nrcunr.
727 4883 867 4938 Evasimus
886 4881 920 4936 ad
942 4896 1049 4936 saccum
1071 4881 1161 4935 istam.

368 4977 519 5033 Coroctdisti
537 4992 639 5032 saccum
659 4992 752 5030 orreum.
769 4975 797 5031 iu
816 4976 940 5045 passione
957 4973 1108 5029 conscissus
1122 4982 1163 5029 est

369 5087 473 5126 soccus.
495 5069 635 5136 Quomodo
648 5084 712 5139 ergo
727 5068 782 5123 iieo
797 5067 866 5122 i'atri
880 5067 995 5134 dicitur,
1012 5066 1163 5121 Conscidiui

369 5183 469 5220 saccum
490 5164 595 5219 meum?
616 5161 755 5230 Qucrmodo
776 5162 846 5216 Patri
861 5161 982 5224 dicatur,
998 5159 1038 5213 ris
1050 5158 1163 5215 audirsl

370 5255 521 5311 conscidisti
532 5271 633 5309 saecum
646 5271 739 5307 arreum.
761 5251 827 5319 Quia
848 5251 951 5323 proprio
967 5249 991 5305 F
991 5250 1035 5304 rlia
1054 5267 1104 5303 non
1120 5265 1163 5320 pc·

370 5349 460 5415 percit,
472 5347 517 5399 reti
528 5362 574 5414 pro
587 5345 658 5400 realis
672 5344 787 5397 ornniius
800 5342 904 5396 tradidit
918 5339 993 5395 illurn
1005 5340 1093 5411 (liam.
1104 5355 1160 5406 rur,

371 5436 428 5504 δί).
454 5436 528 5491 iecit
544 5435 615 5489 enim
633 5451 679 5504 per
695 5433 802 5488 rodens
824 5433 991 5499 nescientes,
1010 5431 1080 5486 trude
1093 5430 1163 5486 not·

372 5540 508 5583 meremur
521 5528 647 5589 scientes,
670 5536 696 5581 ct
716 5524 943 5581 cooiouderentnr
957 5534 1092 5594 ucgruucs
1108 5524 1161 5580 lic·

372 5619 459 5673 seiout
480 5616 551 5672 enim
575 5616 636 5688 quid
653 5617 715 5672 botri
729 5617 806 5670 nobis
821 5616 922 5685 operati
938 5625 1002 5669 sunt
1017 5616 1088 5670 maio
1101 5630 1161 5670 stro.

370 5708 521 5780 Suspensus
535 5718 576 5763 cst
596 5722 707 5772 saccos,
730 5716 757 5764 et
777 5707 853 5777 qnarsi
874 5706 977 5760 laetatos
997 5714 1038 5760 est
1056 5706 1161 5775 impios.

369 5799 509 5856 conscidit
523 5813 629 5854 saccom
642 5798 733 5854 isucea
747 5807 913 5868 persecutor,
929 5806 956 5851 et
965 5794 1032 5851 indit
1047 5795 1162 5866 pretium

369 5902 491 5950 troarnum
504 5889 677 5960 Redemptor.
698 5888 795 5945 Captet
805 5886 928 5944 Christos
938 5885 1101 5957 redemptor,
1114 5901 1161 5956 gc·

403 6007 460 6055 *stc
472 6013 522 6055 uss¹
536 6011 563 6053 ιι
575 6001 651 6062 editi.
665 6014 696 6053 ex
715 6000 785 6052 uiae
795 5996 965 6063 edificiorum.

1037 556 1153 615 SEUUO
1171 555 1356 620 cccxxxii
1378 578 1380 585 ·

1943 578 2013 640 titt

1217 673 1364 731 mat-iacias
1378 677 1517 745 venditor,
1534 685 1674 741 crrrirescat
1687 685 1794 744 iudans
1808 702 1921 762 curritur.
1941 695 2012 751 Ecce

1216 760 1298 819 ludas
1312 766 1449 837 uendidit,
1468 769 1576 829 iudeus
1594 777 1672 844 emit,
1690 778 1788 834 malum
1803 785 1936 853 nogotium
1949 800 2012 857 cge-

1216 863 1297 920 ruut,
1320 857 1574 919 ambedomniiieati
1587 877 1666 934 suut,
1690 883 1720 925 se
1741 870 1813 942 ipsos
1837 875 2012 942 perdideruat

1217 942 1338 1000 uenditor
1350 956 1378 1003 et
1394 959 1509 1020 emptor.
1532 953 1673 1025 ilrrrptores
1686 973 1746 1016 esse
1760 963 1879 1019 coluistis
1892 983 1898 1019 :
1911 975 2011 1037 quauta

1216 1035 1312 1092 meiius
1325 1038 1456 1111 redempti
1467 1045 1582 1100 essetis?
1596 1047 1643 1102 iiie
1655 1049 1784 1117 vendidit,
1801 1053 1851 1109 istc
1866 1056 1929 1110 emit
1945 1073 1952 1108 ι
1967 1056 2011 1111 iu·

1215 1123 1279 1180 ielis
1294 1132 1504 1197 commercium:
1521 1151 1569 1191 uec
1585 1137 1634 1193 iste
1647 1138 1727 1195 babor
1745 1145 1878 1212 pretium,
1894 1161 1945 1202 uec
1959 1147 2012 1204 istc

1216 1215 1296 1273 iubet
1314 1221 1459 1278 Christum.
1482 1225 1548 1281 iluic
1560 1227 1620 1283 dico
1635 1247 1641 1281 :
1660 1231 1708 1287 Ubi
1723 1235 1848 1304 estquod
1862 1237 2010 1308 accepisti!

1215 1309 1254 1365 iiii
1265 1312 1325 1368 dico
1339 1332 1346 1368 :
1362 1314 1411 1372 Ubi
1428 1321 1553 1390 estquod
1567 1323 1677 1379 orrrtsrtt
1699 1325 1766 1381 iiuic
1778 1328 1839 1385 dico
1854 1347 1861 1385 :
1876 1328 1926 1387 Uiri
1947 1343 2011 1386 reta·

1215 1400 1316 1504 didisti,
1332 1415 1359 1461 te
1372 1406 1510 1478 decepisti.
1527 1412 1646 1478 Exsulta,
1663 1417 1819 1487 cirristiaue,
1836 1421 1863 1476 iu
1875 1436 2010 1480 commer-

1214 1507 1257 1546 cro
1272 1495 1438 1553 inimicorum
1455 1511 1559 1556 tororum
1574 1514 1602 1559 to
1617 1507 1712 1562 uicisti.
1736 1509 1814 1576 Quod
1828 1512 1878 1569 iste
1889 1513 2009 1570 vendidit

1214 1593 1241 1637 ct
1255 1586 1299 1641 iiie
1313 1588 1387 1651 emit,
1405 1598 1432 1644 tu
1446 1594 1592 1662 acquisisti.

1250 1677 1364 1733 CAPUT
1385 1680 1415 1734 V.
1427 1712 1463 1722 -
1472 1684 1499 1739 5.
1516 1683 1655 1756 Proplretia
1669 1689 1701 1743 de
1711 1688 1810 1747 Cirrista
1822 1694 1920 1764 capite,
1936 1694 2009 1751 neiis

1215 1769 1269 1838 ejus
1281 1770 1397 1826 muniris
1411 1782 1509 1845 aptata.
1526 1776 1601 1832 Dicat
1612 1794 1675 1850 crgo
1689 1790 1769 1850 capot
1783 1793 1902 1839 uestrum
1915 1827 1923 1850 ,
1936 1785 2008 1843 dicet

1214 1870 1293 1930 caput
1308 1877 1356 1931 pro
1369 1879 1481 1934 corpore
1496 1869 1624 1937 occisum,
1650 1889 1698 1942 pro
1710 1890 1823 1945 corpore
1837 1877 2005 1946 dedicatum:

1214 1952 1293 2016 dieo,
1309 1955 1448 2013 audiamus
1463 1976 1469 2012 :
1486 1957 1636 2018 Consaiclisti
1647 1981 1849 2036 saccnmmeum,
1861 1979 1885 2024 ct
1897 1971 2009 2026 aceirrsi·

1213 2046 1412 2116 concelebris,
1429 2050 1455 2106 id
1468 2063 1507 2108 est
1519 2094 1527 2121 ,
1538 2056 1693 2111 conscidisti
1706 2060 1893 2117 mortalitatem
1908 2078 2015 2131 meamp

1213 2142 1241 2191 et
1262 2138 1400 2195 accinxisti
1421 2156 1464 2197 me
1484 2143 1681 2203 immortalitate
1699 2157 1726 2203 ct
1746 2150 1955 2222 incorruptinoc.
1969 2150 2005 2209 tn

1213 2238 1296 2283 cantet
1314 2231 1359 2284 tili
1372 2231 1454 2301 picria
1474 2251 1546 2302 urea,
1567 2246 1591 2290 ct
1610 2255 1660 2293 rron
1679 2256 1845 2312 compungar.
1870 2242 1938 2311 Quid
1953 2254 2005 2313 cst,

1212 2336 1263 2374 nou
1280 2325 1456 2394 conrpunpar?
1472 2326 1531 2381 laur
1553 2339 1645 2383 contra
1667 2346 1710 2387 mc
1730 2348 1782 2388 uorr
1803 2332 1871 2389 ierat
1885 2337 2005 2391 lanceam

1213 2423 1384 2482 persecutor,
1407 2424 1433 2470 ut
1452 2431 1615 2488 compungar
1636 2423 1773 2478 :Cirristns
1787 2426 1853 2479 enim
1873 2443 2007 2498 reuopcns

1212 2519 1228 2554 a
1242 2505 1347 2557 mortuis
1351 2506 1409 2577 jam
1419 2524 1469 2561 uon
1483 2509 1599 2573 moritur,
1612 2528 1678 2565 mors
1688 2514 1727 2567 illi
1738 2516 1806 2568 ultra
1820 2533 1871 2570 non
1885 2518 2005 2572 domina·

1212 2595 1279 2647 bitur
1293 2611 1302 2648 :
1317 2597 1386 2666 quod
1396 2599 1462 2652 eninr
1472 2609 1585 2656 nrortuas
1598 2612 1652 2664 cst.
1671 2616 1773 2675 peccata
1785 2619 1898 2664 mortuus
1910 2621 1947 2664 est
1962 2627 2004 2666 se·

1212 2685 1263 2738 mel
1272 2702 1282 2750 ,⁰
1296 2687 1364 2757 quod
1382 2700 1467 2743 actem
1483 2691 1560 2757 eicit,
1577 2694 1635 2747 uicit
1652 2693 1713 2749 ilco.
1737 2695 1780 2750 lto
1796 2707 1820 2753 et
1832 2715 1892 2764 nos,
1908 2701 2004 2770 inarsit,

1212 2777 1381 2834 existimemus
1405 2798 1451 2836 nos
1472 2793 1584 2839 mortuas
1605 2803 1657 2841 csse
1678 2799 1798 2856 peccato,
1821 2792 1902 2847 cicere
1920 2805 2005 2849 aurern

1213 2869 1276 2933 ileo,
1292 2871 1317 2923 iu
1337 2870 1436 2926 Cirristo
1448 2873 1510 2929 iesu
1524 2874 1632 2932 Doctrina
1652 2890 1736 2934 nostro
1750 2880 1837 2955 (Ueni.
1853 2899 1897 2952 rr,
1913 2885 2003 2957 att).

1212 2960 1282 3031 Ergo
1305 2962 1331 3016 iu
1353 2964 1398 3017 iiio
1412 2975 1560 3034 cantamus,
1585 2967 1611 3022 in
1634 2969 1803 3028 iiiodcdicari
1824 2989 1926 3031 sumus.
1945 2977 2006 3046 Quo

1212 3054 1282 3107 euim
1294 3067 1370 3124 capot
1383 3057 1529 3126 precessit,
1543 3068 1570 3114 ct
1582 3062 1700 3116 membra
1714 3072 1837 3119 secutura
1850 3081 2002 3135 speramus.

1213 3144 1267 3212 Spe
1283 3147 1349 3200 cuim
1369 3148 1433 3202 salci
1450 3151 1610 3220 (artisumus
1625 3166 1804 3222 :sperantem
1823 3173 1879 3224 que
1896 3159 2004 3226 uidetur,

1213 3252 1264 3290 nan
1276 3251 1312 3291 est
1326 3255 1400 3307 spes,‘
1411 3241 1479 3309 quad
1491 3242 1557 3294 cuim
1569 3243 1634 3297 uidet
1645 3247 1701 3313 quis
1714 3246 1776 3315 quid
1785 3259 1868 3317 sperat
1879 3249 1892 3302 l
1909 3249 1941 3304 Si
1954 3266 2005 3304 ars·

1213 3336 1261 3379 tcm
1277 3329 1346 3396 puori
1367 3347 1417 3383 nan
1439 3331 1552 3386 ridemus
1567 3351 1716 3401 spiramus,
1741 3354 1785 3406 per
1801 3339 1946 3408 patientiam
1961 3357 2006 3396 eat·

1212 3426 1355 3486 spectamus
1369 3419 1423 3489 lici.
1440 3437 1503 3489 cru,
1517 3424 1649 3495 ilct2i),
1659 3442 1707 3496 par
1720 3428 1871 3496 patientiam
1890 3431 2007 3487 aedifica·

1213 3522 1282 3562 ntur.
1308 3508 1389 3565 Forte
1410 3522 1498 3566 arricor
1519 3514 1633 3570 estillic
1654 3526 1681 3570 et
1701 3533 1751 3571 ιιιιι
1776 3530 1879 3580 nostra.
1903 3521 1925 3577 si
1939 3522 2007 3579 beris

1212 3599 1392 3667 attendamus,
1405 3602 1427 3655 si
1441 3602 1581 3672 diiigenter
1596 3605 1756 3673 intueamur,
1775 3610 1797 3663 si
1814 3611 1919 3666 cencium
1941 3628 2006 3668 acu·

1215 3699 1269 3745 tom
1284 3706 1424 3761 geramus3
1448 3711 1500 3749 uou
1516 3699 1739 3766 quemadumdum
1754 3703 1841 3759 soient
1862 3722 2005 3777 corpmcuu

1214 3786 1277 3840 caci
1290 3798 1425 3844 curatores
1439 3806 1446 3842 ε
1461 3789 1482 3842 si
1498 3804 1563 3860 crgo
1574 3790 1738 3860 spiritualem
1752 3796 1858 3850 ocoiurn
1883 3798 2005 3852 intenda-

1214 3892 1284 3940 mus,
1307 3878 1333 3931 in
1354 3878 1418 3948 ipsis
1441 3880 1549 3936 vocibus
1571 3881 1674 3936 Dcrnrirri
1689 3886 1771 3940 rmstri
1790 3885 1853 3941 lesu
1867 3887 1964 3944 Cirristi
1978 3902 2006 3946 ct

1215 3983 1265 4022 uos
1287 3968 1358 4037 ipsos
1380 3969 1536 4025 invenimus.
1564 3970 1621 4027 Non
1646 3974 1716 4028 enim
1737 3975 1833 4032 iurstra
1852 3979 1919 4034 dixit
1936 3982 2007 4052 Apu-

1214 4059 1317 4126 stolos,
1338 4059 1451 4115 seientes
1471 4063 1531 4132 grtia
1553 4074 1622 4118 carru
1638 4068 1713 4120 barno
1730 4078 1814 4122 uostcr
1832 4071 1909 4125 simrrl
1924 4074 2006 4126 crnci-

1214 4150 1282 4218 ficns
1291 4159 1327 4204 est
1339 4166 1395 4204 cum
1408 4152 1469 4218 iila,
1486 4163 1512 4207 ut
1527 4165 1660 4209 evacuetur
1671 4172 1764 4227 corpus
1777 4162 1880 4230 pcccati,
1899 4170 1927 4215 ut
1938 4164 2005 4218 utre

1215 4255 1265 4292 uon
1277 4241 1413 4295 serviamus
1427 4253 1527 4311 peccato
1539 4243 1594 4313 (lcl.
1606 4261 1631 4300 rt
1642 4286 1650 4310 ‚
1663 4245 1701 4318 b).
1725 4249 1847 4319 Agnosce
1861 4250 1897 4306 ibi
1911 4267 2004 4309 roano

1215 4338 1287 4384 tuam
1304 4348 1311 4384 t
1328 4331 1363 4387 Ut
1377 4343 1460 4386 cantet
1479 4335 1524 4387 tibi
1535 4336 1616 4406 picria
1631 4353 1705 4404 orca,
1724 4349 1747 4392 et
1767 4356 1816 4393 non
1837 4356 2004 4414 compauper.

1215 4421 1375 4479 iiodoeoinr
1393 4439 1454 4479 eom
1473 4425 1537 4480 istas
1551 4429 1671 4497 corporis
1690 4431 1810 4486 nrortaiis
1828 4431 1947 4488 srrciuas
1960 4436 2007 4488 ba·

1213 4513 1347 4582 iniamus,
1367 4530 1420 4570 non
1435 4516 1511 4572 deest
1523 4519 1593 4574 onde
1605 4535 1824 4592 compungamur.
1845 4523 1910 4579 iiam
1926 4525 2006 4582 sicar

1216 4618 1269 4660 non
1280 4609 1485 4677 compungitur,
1502 4624 1585 4678 occare
1603 4622 1694 4680 pectus
1706 4614 1843 4668 tonditori
1861 4616 1928 4671 Cum
1941 4630 2006 4688 crgo

1215 4699 1319 4754 acuerit
1330 4699 1410 4754 etiarn
1428 4700 1510 4754 uestri
1527 4702 1647 4771 corporis
1660 4702 1802 4770 dedicatio,
1817 4721 1876 4776 qaae
1891 4722 2006 4777 praeces·

1215 4789 1250 4844 sit
1264 4788 1290 4844 iu
1302 4788 1405 4845 Domini
1416 4793 1547 4861 exempla,
1560 4800 1622 4847 tuoe
1631 4807 1684 4848 nou
1694 4809 1912 4867 compungemur.
1926 4797 2007 4853 Com·

1216 4882 1386 4952 punctionem
1397 4883 1479 4951 eninr,
1493 4897 1572 4954 qoam
1588 4884 1715 4940 turbemus
1728 4886 1762 4942 de
1773 4898 1894 4956 peccato,
1905 4888 2009 4958 signib-

1216 4975 1286 5028 earit
1300 4974 1389 5028 iancea
1402 4975 1578 5043 percussoris.
1606 4975 1725 5046 [tetrique
1739 4978 1863 5046 quioniam
1877 4979 2006 5048 scripum

1217 5078 1275 5134 cst,
1294 5067 1316 5119 A
1327 5067 1431 5120 rnuliere
1447 5066 1547 5120 initiant
1558 5071 1653 5137 sactum
1666 5077 1702 5122 est
1714 5069 1825 5139 peccati,
1838 5080 1861 5123 et
1876 5086 1920 5141 prr
1934 5071 2007 5125 illam

1216 5174 1301 5212 omues
1326 5158 1468 5212 moriuntur
1488 5157 1665 5228 (ilarii-sav,
1684 5157 1730 5231 55)
1745 5176 1753 5215 ε
1767 5159 1879 5215 rccaittc
1896 5160 1931 5215 dc
1951 5176 2007 5233 quo

1216 5250 1337 5304 meruius
1358 5249 1426 5305 iacta
1448 5258 1507 5313 est.
1533 5260 1560 5305 et
1587 5249 1675 5306 ridete
1697 5250 1741 5305 ubi
1765 5251 1893 5307 Dominus
1913 5253 2006 5311 laneca

1216 5350 1392 5410 compunctos
1411 5351 1463 5397 est.
1478 5341 1613 5409 iiccciitc,
1632 5341 1755 5412 immam,
1769 5343 1880 5400 recolite
1893 5346 2006 5415 primam

1216 5433 1397 5490 conditionem
1420 5444 1538 5489 nostram
1555 5452 1562 5488 ι
1579 5450 1631 5490 uon
1657 5435 1728 5491 euim
1750 5434 1868 5503 irnstra,
1890 5446 1920 5492 ut
1933 5436 2007 5502 disi.

1222 5524 1297 5580 ictus
1317 5525 1391 5578 bomo
1407 5534 1492 5580 noster
1508 5524 1584 5579 simul
1604 5525 1741 5594 cruciftrm
1761 5535 1814 5593 est,
1834 5536 1860 5580 ut
1876 5538 2009 5583 mecastor

1216 5633 1308 5686 carpus
1322 5618 1428 5688 pcccati.
1441 5626 1469 5670 ut
1482 5617 1551 5671 ultra
1564 5634 1615 5671 noa
1626 5618 1764 5672 uniamus
1780 5629 1892 5689 peccata.
1906 5618 2009 5690 Neurpe

1217 5708 1283 5772 Era,
1295 5724 1312 5763 a
1326 5723 1376 5779 arra
1391 5708 1459 5764 iacta
1472 5717 1514 5764 est
1528 5709 1631 5763 initium
1647 5709 1766 5778 peccari,
1785 5720 1890 5781 surrupta
1905 5720 1945 5766 est
1957 5752 1966 5778 ,
1980 5721 2009 5767 ut

1217 5800 1396 5865 lcrmaretur,
1420 5799 1555 5856 delatore
1573 5799 1632 5855 riri.
1654 5799 1795 5858 Dormicos
1815 5800 1921 5872 iaccbat
1945 5803 2007 5871 ilie.

1216 5907 1276 5948 cam
1289 5890 1386 5947 betam
1397 5901 1438 5947 cst
1455 5909 1462 5947 :
1478 5901 1600 5947 mortuos
1613 5891 1743 5963 pendebat
1756 5891 1823 5960 istc,
1837 5907 1898 5948 com
1910 5894 2007 5949 tacrrou

1216 5992 1266 6041 cst.
1280 5983 1397 6054 Cognati
1412 5983 1464 6038 duo
1478 5994 1540 6040 suot
1554 5999 1663 6039 sonoros
1676 5995 1701 6040 et
1715 5998 1797 6050 urcrs.
1812 5982 2007 6045 consulatus
