4759 6684
364 556 416 623 boi

366 672 523 751 Prophetae:
539 675 727 731 lalmraucrunt
740 666 915 731 sertriuando;
933 664 958 719 in
971 665 1086 717 ailreuto
1101 660 1155 716 bo·

368 774 432 828 mim
448 781 550 826 oratura
567 767 662 822 messis
679 764 786 818 inventa
799 770 849 817 est.
864 756 934 813 llissi
951 766 1083 810 messoris
1097 764 1157 806 curn

366 866 433 919 dolce
458 859 613 929 Evangelii,
641 861 814 927 portaverunt
839 847 986 919 manipulos
1011 844 1045 899 ad
1067 856 1157 898 arcam

364 952 536 1015 dourinicam,
550 948 595 1003 nbi
607 945 759 1016 Stephanus
774 942 951 997 trituraretur.

400 1040 512 1097 CAPUT
527 1039 570 1096 lll.
585 1067 621 1079 -
634 1039 662 1093 5.
678 1037 768 1090 Sumen
787 1029 919 1102 lt'uunpetii
939 1025 1059 1082 Curtillus
1074 1035 1159 1077 truns-

365 1136 477 1189 mirsum.
505 1132 554 1187 llic
573 1141 661 1184 autem
685 1127 787 1183 accedit
801 1124 899 1179 Patrlns
913 1121 955 1175 ille
969 1162 976 1186 ,
999 1116 1070 1173 etad
1086 1114 1158 1170 Gen·

366 1238 406 1282 tes
420 1227 543 1280 mittitur.
559 1223 593 1278 Et
612 1238 663 1277 raon
683 1229 753 1275 taret
766 1219 817 1273 boc
831 1218 857 1271 in
871 1208 1082 1271 cmnmendando
1096 1221 1157 1279 gra-

367 1318 450 1381 tiam,
466 1331 544 1385 uttam
561 1315 692 1383 praecipue
712 1310 870 1382 proprieque
883 1303 1008 1374 suscepit.
1028 1300 1073 1356 att
1086 1299 1158 1354 cuim

367 1410 392 1462 in
408 1407 553 1477 Scriptnris
567 1406 639 1465 suis,
665 1404 775 1458 missum
789 1415 819 1456 sc
833 1413 894 1454 osse
909 1394 1055 1466 predicare
1069 1390 1157 1445 Etan-

366 1500 480 1569 gelinm,
497 1498 540 1552 ubi
555 1495 677 1552 Christus
696 1510 748 1548 nott
770 1499 828 1548 crat
846 1489 1007 1544 nominatus.
1031 1482 1088 1539 seu
1102 1481 1157 1551 j'am

367 1594 428 1662 onia
444 1594 511 1647 lacta
529 1601 571 1645 cst
591 1589 634 1643 illa
651 1588 764 1649 messis,
785 1595 812 1641 et
832 1598 926 1637 ornnes
947 1579 1031 1635 iudai
1052 1577 1097 1648 qni
1113 1589 1158 1630 re-

368 1690 522 1736 manserunt
536 1677 586 1751 (a),
599 1692 713 1733 messem
727 1674 895 1731 attendamus
908 1671 978 1742 quod
992 1682 1042 1724 nos
1055 1680 1156 1721 sumus.

368 1777 533 1828 Selinuntem
547 1781 587 1826 est
609 1771 679 1825 enim
694 1768 728 1821 ab
745 1765 880 1836 apostolis
891 1772 918 1817 et
931 1758 1081 1830 Propltetis.
1100 1754 1159 1825 lpsc

371 1867 499 1921 bmninns
509 1864 657 1919 sentinarit.
675 1861 734 1930 lpse
747 1859 817 1914 enim
831 1858 856 1910 in
873 1852 1007 1924 Apostolis
1023 1850 1080 1909 litit,
1095 1847 1158 1918 qtria

369 1962 464 2027 etipse
479 1956 732 2011 mnsmttcmtson.
755 1951 811 2006 Non
831 1950 903 2004 cuim
925 1946 963 2000 illi
983 1942 1081 2013 ulimtid
1101 1942 1160 1994 sine

373 2050 417 2104 i'lo
433 2067 440 2104 ε
457 2050 500 2102 ille
520 2048 651 2117 perlectus
670 2055 710 2099 est
725 2044 782 2097 sinc
796 2041 858 2095 illis.
881 2038 939 2108 lpse
953 2036 1022 2091 enirn
1037 2033 1089 2088 illis
1103 2032 1158 2086 ait:

372 2140 437 2204 Quin
450 2140 503 2192 sine
514 2153 553 2191 ore
569 2135 632 2190 nibil
658 2134 759 2205 potestis
782 2131 884 2201 [ureret
901 2127 943 2181 ld.
959 2142 1004 2191 xv,
1021 2124 1058 2194 5).
1073 2121 1160 2179 Semi·

372 2246 438 2286 nans
454 2244 517 2299 ergo
531 2227 651 2284 ctntsns
662 2226 716 2295 jam
733 2226 757 2278 in
773 2221 901 2278 Gentibus
913 2216 976 2289 qnid
987 2214 1070 2271 dicit?
1089 2212 1161 2268 Exiit

372 2323 498 2375 setirinnos
519 2320 651 2373 serriinnre.
676 2316 711 2370 lbi
735 2315 874 2369 mittuntur
893 2322 1026 2364 messores
1049 2315 1159 2371 metere,

370 2411 414 2465 liic
428 2411 492 2465 exiit
506 2410 640 2465 seminans
653 2405 784 2462 seminare
798 2403 918 2471 impiger.
934 2396 1001 2467 Quid
1016 2397 1087 2451 enim
1101 2408 1162 2465 per·

371 2502 477 2567 tinmit,
494 2500 564 2570 quod
582 2497 653 2553 aliud
669 2495 764 2551 cecidit
782 2495 807 2547 in
821 2493 908 2556 riam,
930 2488 1002 2544 alind
1015 2489 1040 2542 in
1056 2496 1162 2557 petrosa

371 2597 447 2660 loca,
462 2593 532 2647 alind
546 2592 616 2647 inter
633 2588 744 2660 spinas?
767 2585 794 2640 Si
812 2585 876 2639 istas
892 2580 1015 2637 dillleiles
1030 2586 1114 2633 terras
1127 2575 1162 2631 ti·

371 2696 475 2750 meret,
500 2684 534 2739 ad
555 2693 651 2740 terram
674 2681 838 2736 bouumuou
862 2674 1021 2746 perueniret.
1046 2669 1115 2740 Quid
1129 2669 1162 2724 ad

372 2794 431 2844 nos,
446 2775 509 2847 qnid
524 2775 601 2830 nobis
611 2780 652 2827 est
664 2772 717 2842 jam
732 2770 765 2823 de
779 2768 878 2822 ludaeis
891 2764 1038 2833 disputare,
1051 2770 1078 2817 et
1092 2761 1163 2830 leutii

372 2870 405 2924 de
421 2866 514 2937 palca?
526 2865 582 2919 lloc
592 2863 679 2918 solum
690 2859 723 2914 ad
736 2873 794 2924 nos,
808 2872 842 2911 ne
853 2857 893 2910 via
906 2856 1001 2920 sitnus,
1013 2867 1161 2919 nestrum,

372 2975 405 3013 nc
419 2958 512 3029 spinae,
527 2955 574 3012 sed
588 2964 659 3011 terre
670 2952 748 3007 bona.
764 2950 886 3005 Paratum
895 2962 941 3003 cur
952 2955 1081 3008 nostrum,
1094 2943 1164 2999 ttrrdc

372 3051 519 3116 tricenum,
536 3046 606 3103 unde
624 3059 804 3116 sexagenum,
824 3039 895 3096 unde
910 3039 1045 3094 millenum
1059 3047 1085 3092 et
1099 3051 1163 3091 cen·

373 3153 462 3196 tentum
477 3159 483 3196 ι
498 3139 561 3195 illud
578 3138 665 3193 otiatus
676 3143 734 3203 est,
750 3143 777 3190 et
789 3132 853 3198 illud
869 3132 927 3202 plus
938 3129 994 3196 est;
1019 3129 1065 3184 scd
1078 3138 1162 3184 toturn

377 3234 492 3289 triticum
510 3243 560 3288 cst.
583 3230 629 3285 l'ia
645 3244 698 3283 non
717 3227 769 3293 sit,
787 3226 830 3279 ubi
848 3224 1029 3280 cutreulcrtum
1044 3237 1163 3278 semcna

374 3323 572 3381 transeuntibus
584 3321 657 3377 velut
666 3320 722 3374 aris
735 3317 837 3373 anlerat
850 3315 982 3370 inimicus.
997 3313 1096 3369 Sarum
1111 3330 1163 3369 non

373 3417 422 3480 sit,
445 3417 488 3471 nbi
508 3415 611 3470 mmliea
632 3420 701 3468 terra
725 3408 813 3471 statim
829 3407 891 3462 lacit
909 3406 1078 3476 perusinarc,
1093 3404 1164 3476 quud

375 3524 427 3561 narn
448 3506 531 3575 possit
544 3504 628 3559 sulem
648 3510 763 3572 portare.
783 3498 872 3568 Spinac
887 3512 939 3550 non
953 3497 1022 3562 sint,
1036 3497 1166 3567 cupidita·

375 3609 416 3654 tes
436 3596 545 3660 sacnti,
569 3593 761 3650 sollicitudines
775 3591 836 3644 vite
859 3589 960 3644 ritiusru
984 3587 1091 3658 (lluttlr.
1107 3605 1164 3656 xttt,

374 3689 464 3756 3-23).
489 3690 559 3759 Quid
575 3689 645 3744 enim
659 3689 734 3761 pejus
751 3688 927 3744 sollieitudine
940 3688 1017 3753 uitae,
1031 3701 1090 3758 quau
1106 3701 1166 3757 ptor-

377 3785 467 3838 venire
483 3797 535 3836 non
550 3781 679 3851 permittit
690 3780 724 3835 ad
740 3780 840 3834 ritant?
852 3777 920 3846 Quid
935 3780 1069 3845 nriscrius,
1085 3793 1164 3849 quam

373 3874 492 3929 errmodo
507 3876 598 3937 uiuam,
612 3873 735 3928 amittere
747 3869 845 3925 uitam?
855 3870 923 3938 Quid
931 3869 1071 3933 in'elieius,
1086 3884 1166 3940 quiam

374 3965 492 4021 timendo
508 3975 641 4027 mortem,
664 3962 760 4018 cadere
779 3962 804 4015 io
823 3960 958 4016 tnortctn?
981 3959 1167 4030 Exstirpeotur

374 4057 477 4126 spiam.
503 4064 610 4127 paretur
631 4070 712 4127 ager,
735 4052 914 4122 suscipiantur
928 4050 1049 4116 sermon,
1072 4066 1166 4121 pervc-

376 4150 464 4203 niatnr
482 4147 515 4202 ad
536 4161 649 4202 messem
662 4186 670 4209 ,
684 4145 809 4201 borreum
825 4142 1008 4209 desideretur,
1029 4157 1082 4196 uon
1098 4141 1166 4214 iguis

376 4243 509 4297 tinuatur.

410 4331 523 4389 cattos
539 4331 581 4388 tv.
597 4362 633 4372 -
646 4333 672 4386 l.
688 4328 804 4385 Pastoris
827 4336 910 4399 parler
930 4326 1022 4406 populo
1040 4323 1167 4395 erplicurc

375 4428 437 4498 quid
448 4428 537 4499 prosit.
559 4427 598 4481 dd
615 4440 663 4481 tros
676 4425 765 4496 itaque
780 4423 905 4493 pertinet,
919 4435 987 4492 qum
997 4417 1167 4490 qualescum-

375 4535 428 4590 que
443 4519 569 4574 Dominus
582 4518 607 4572 in
621 4532 685 4588 agro
698 4530 746 4570 suo
760 4513 897 4569 constituit
909 4504 1062 4583 operarios,
1077 4509 1167 4566 dicere

378 4612 426 4665 ista
436 4610 521 4673 uobis,
535 4609 679 4672 seminare,
696 4605 826 4675 plantare,
836 4606 932 4674 rigare,
946 4601 1078 4672 aliquibus
1087 4599 1167 4656 etiam

377 4700 518 4755 arboribus
532 4696 735 4757 strenuitatem,
751 4704 778 4749 et
790 4692 932 4762 eopltinnm
949 4692 1076 4747 stercoris
1090 4688 1167 4746 adbi-

379 4791 462 4854 bere;
485 4788 599 4858 pertinet
617 4785 650 4840 ad
671 4799 719 4840 nos
740 4784 798 4838 brec
812 4781 925 4838 lideliter
945 4796 1024 4852 agere
1038 4800 1045 4837 r
1058 4782 1091 4837 ad
1108 4796 1166 4849 ros,

379 4880 494 4936 lideliter
506 4894 601 4949 capere
617 4896 624 4932 z
641 4877 673 4933 ad
687 4875 840 4940 Dominum,
856 4890 904 4929 nos
916 4874 1041 4945 adjurare
1055 4888 1169 4945 operan-

379 4983 430 5037 tes,
446 4986 493 5025 sos
503 4969 659 5032 credentes,
681 4981 776 5022 omnes
792 4967 963 5033 laborantes,
981 4964 1028 5021 sed
1042 4964 1168 5021 mundum

379 5063 406 5117 iu
423 5062 468 5117 illo
481 5060 627 5117 uincentes.
651 5057 719 5129 Quid
740 5072 804 5129 ergo
820 5057 854 5111 ad
868 5071 917 5111 vtis
937 5054 1068 5126 pertinet,
1090 5055 1144 5110 dixi
1161 5074 1168 5112 ι

379 5153 441 5223 «prid
456 5153 488 5207 ad
504 5167 554 5208 nus
576 5152 725 5223 pertineat.
740 5150 800 5205 vulo
817 5148 916 5205 dicere.
938 5146 991 5203 Sed
1011 5147 1078 5203 lorte
1091 5146 1170 5203 alicui

380 5262 412 5301 es
427 5245 501 5301 robis
511 5244 615 5300 uidetur
633 5243 693 5313 rpuia
707 5241 759 5295 diti
770 5239 933 5312 snperllunm
944 5238 1042 5308 aliquid
1055 5238 1171 5295 merelle

379 5338 479 5399 dicere.
495 5345 522 5391 ct
534 5334 603 5405 apud
615 5350 644 5391 se
656 5335 743 5404 ipsum
758 5332 870 5404 loquens
884 5333 910 5386 in
920 5331 1080 5402 cogitatione
1088 5330 1168 5386 dicit:

291 5488 294 5493 ,
378 5426 505 5497 estjam
521 5426 636 5481 dimittat
650 5424 715 5480 nos!
740 5424 799 5479 Jam
812 5422 880 5478 dixit
902 5423 965 5494 quid
988 5422 1120 5492 pertineat
1137 5421 1171 5477 ad

381 5531 448 5582 rtns;
463 5515 533 5587 qnod
546 5515 580 5571 od
596 5515 682 5586 ipsum
693 5513 818 5584 pertinet,
833 5510 895 5583 quid
906 5511 938 5565 ad
955 5511 1022 5565 nosl
1036 5511 1104 5566 Puto
1115 5525 1172 5566 rue-

381 5611 430 5662 lius
452 5621 512 5663 esse
533 5606 560 5660 in
582 5606 682 5660 alterna
701 5612 728 5659 et
743 5611 833 5658 mutua
848 5601 977 5657 charitate
992 5600 1172 5673 pertineamus

381 5700 414 5753 ad
428 5715 486 5755 ros.
506 5698 545 5754 be
559 5695 705 5753 anamodo
725 5694 832 5767 quidem
846 5707 894 5748 ros
915 5692 1014 5748 tanrilla
1026 5693 1109 5760 estis,
1122 5706 1176 5758 utu¹

367 5790 414 5845 ‘eu
429 5790 521 5846 cadctn
531 5789 638 5860 quidem
653 5787 750 5842 lamilia
761 5787 958 5857 dispensatores
969 5800 1171 5852 sumusumnes,

383 5880 416 5933 ad
434 5896 514 5935 ttttutn
527 5879 668 5935 bornicum
684 5878 846 5949 pertinemus
857 5891 961 5934 omnes.
974 5875 1030 5933 Nec
1044 5875 1116 5949 quud
1125 5875 1171 5945 do,

414 5993 449 6051 ια)
466 5990 778 6053 rorteeddertdummessir
788 6003 833 6043 out
844 5993 908 6043 saul.

982 553 1010 608 s.
1033 543 1213 606 auuus'nu
1236 517 1386 603 belmunt
1459 620 1462 624 ,

1949 554 2005 612 608

1209 658 1243 713 dc
1256 674 1316 715 meo
1330 660 1379 724 do;
1400 661 1446 716 sul
1459 661 1492 716 de
1505 662 1574 718 illius
1587 679 1602 717 a
1617 677 1670 734 tpno
1691 663 1792 734 accipio
1806 672 1832 718 et
1851 680 1911 732 epta.
1935 665 2005 723 liam

1209 750 1231 804 si
1245 749 1278 806 de
1292 766 1352 807 meo
1364 750 1473 817 dedero,
1487 753 1655 811 mendatium
1669 755 1748 811 dabo.
1764 756 1814 824 Qui
1830 757 1901 812 eninr
1917 757 2007 827 lenui-
2046 764 2050 773 ’

1211 850 1254 896 tnr
1278 843 1462 910 mendacium,
1487 845 1521 901 de
1542 860 1590 900 suo
1612 849 1728 917 lorpti'ur
1753 847 1841 920 (dono.
1857 865 1919 913 utu,
1943 850 2005 919 di).

1211 934 1318 989 bebetis
1331 949 1395 1005 ergo
1409 936 1501 991 audire
1512 939 1574 1009 qnid
1589 941 1720 1008 pertineat
1733 941 1764 995 ad
1775 940 2002 1012 dispensatorem,

1210 1026 1267 1081 sire
1281 1037 1310 1080 ut
1321 1028 1347 1081 in
1361 1027 1434 1083 robis
1448 1030 1528 1099 ipsis,
1543 1016 1564 1084 si
1580 1033 1645 1086 tales
1667 1033 1838 1100 inveneritis,
1861 1043 2002 1105 congratu-

1211 1116 1316 1183 lemini,
1342 1119 1398 1173 sirc
1418 1121 1498 1173 etiarn
1521 1122 1546 1173 in
1568 1121 1618 1177 linc
1638 1123 1695 1191 ipsu
1716 1124 1894 1179 instruamini.
1916 1125 2005 1195 Quam,

1211 1209 1290 1263 ntrdti
1301 1210 1370 1264 enim
1386 1212 1410 1265 in
1425 1210 1475 1266 linc
1490 1214 1585 1281 populo
1603 1213 1682 1269 latrari
1701 1224 1764 1270 sunt
1781 1214 2003 1287 dispensatorcsl

1211 1300 1245 1355 Et
1255 1316 1304 1355 nos
1317 1302 1352 1356 ibi
1369 1302 1465 1357 luimus
1477 1305 1521 1358 ubi
1533 1306 1597 1359 estis
1612 1323 1619 1359 ι
1634 1315 1660 1360 et
1675 1322 1723 1362 tros
1734 1307 1778 1375 qui
1790 1307 1913 1363 ridemur
1923 1309 2009 1365 ruodo

1211 1391 1245 1446 d'c
1257 1394 1395 1462 superiore
1409 1394 1467 1449 loco
1480 1397 1616 1451 corrsertis
1629 1399 1714 1451 metir-i
1729 1398 1839 1463 cibaria,
1860 1409 1925 1454 ante
1941 1415 2009 1471 pau·

1211 1498 1258 1538 cos
1270 1501 1354 1540 annos
1368 1487 1393 1540 in
1415 1486 1539 1543 inleriore
1557 1489 1616 1543 loco
1629 1504 1689 1543 cnm
1704 1492 1839 1546 consents
1851 1492 2010 1563 accipieba-

1212 1590 1271 1627 rnns
1286 1576 1394 1631 cibaria.
1422 1579 1569 1648 Episcopus
1583 1581 1656 1635 laticis
1672 1584 1788 1650 loquor:
1807 1583 1853 1637 sed
1868 1584 1934 1640 inde
1950 1584 2009 1642 selu

1211 1681 1290 1735 quarm
1301 1668 1390 1721 midtis
1404 1669 1497 1724 laturis
1508 1672 1639 1740 episcopis
1654 1672 1757 1742 loquor.

1247 1754 1361 1812 Cdl’b'T
1376 1757 1406 1811 ll.
1420 1760 1488 1814 -5,
1502 1760 1631 1833 l'rtereptn
1639 1764 1845 1832 predicatoribus
1854 1768 2008 1832 constituta.
2052 1832 2056 1841 Ι

1214 1862 1263 1898 iton
1286 1850 1423 1901 carrinliler
1446 1852 1602 1921 ‹arripiemlu
1630 1854 1699 1923 Ergo
1714 1855 1771 1909 sitle
1790 1872 1815 1909 nt
1834 1871 1849 1911 s
1869 1858 2010 1927 utromodo

1215 1955 1265 1994 nos
1279 1941 1474 2010 intelligamus,
1497 1945 1566 2014 qtrod
1591 1947 1716 2017 precepit
1731 1947 1859 2003 bortrinus
1878 1950 1920 2004 eis
1939 1966 2011 2021 qttos

1214 2030 1334 2085 mittebat
1349 2033 1520 2102 Euarngellmn
1544 2036 1707 2103 predicare,
1725 2046 1751 2092 et
1771 2048 1860 2093 mentc
1884 2050 2009 2108 paratam
2038 2022 2049 2043 ’

1214 2137 1329 2178 messem
1342 2123 1488 2180 videamus.
1506 2125 1616 2194 Nolite„
1626 2128 1724 2198 inquit,
1740 2135 1806 2200 serre
1817 2133 1951 2186 succulum
1964 2141 2012 2189 cut

1213 2229 1314 2283 ponor,
1329 2226 1373 2267 aut
1387 2215 1571 2281 calceamenta,
1594 2220 1752 2273 etuenrinem
1771 2237 1815 2291 per
1827 2223 1892 2275 rimo
1908 2223 2011 2277 rotua-

1214 2308 1306 2362 uerilt's.
1321 2307 1354 2360 tn
1368 2309 1394 2362 in
1413 2326 1595 2380 quanicumque
1608 2310 1710 2365 dotrtttnt
1729 2313 1889 2379 irttrueeritis,
1910 2314 2010 2373 dieite:

1215 2394 1275 2451 Pae
1290 2397 1349 2452 braic
1359 2399 1455 2453 deortui.
1471 2399 1503 2456 Si
1518 2411 1555 2455 est
1566 2402 1619 2456 illic
1628 2403 1698 2472 {ilius
1713 2404 1801 2473 pacis,
1815 2407 1953 2476 requiescet
1965 2424 2012 2463 tu·

1214 2508 1260 2564 per
1272 2492 1344 2546 illum
1358 2510 1410 2564 pue
1421 2503 1501 2549 uestra
1511 2511 1521 2549 .·
1531 2495 1554 2549 si
1567 2512 1616 2566 quo
1635 2497 1735 2561 seritius,
1759 2499 1793 2551 od
1804 2513 1847 2552 uns
1859 2508 2008 2555 swerteln.

1215 2583 1242 2641 st
1255 2585 1397 2655 requierit,
1414 2587 1546 2656 perdidit?
1558 2586 1634 2643 dbsit
1644 2588 1722 2643 buca
1739 2601 1829 2645 tuente
1839 2601 2008 2647 sanctorum.

1217 2675 1287 2747 Ergo
1310 2692 1358 2731 nec
1384 2677 1448 2733 illnd
1471 2678 1653 2749 accipiendum
1674 2691 1715 2736 est
1737 2682 1878 2738 carnaliter
1893 2699 1902 2737 ι
1916 2697 1948 2739 ac
1961 2698 2011 2755 por

1217 2768 1268 2824 boc
1281 2768 1348 2825 lurte
1368 2785 1418 2825 nec
1440 2785 1552 2835 saccus,
1577 2786 1626 2826 nec
1640 2773 1839 2837 caleenneota,
1863 2788 1914 2830 nec
1927 2789 2009 2844 pera:

1216 2862 1385 2933 maximeque
1400 2862 1463 2918 illud
1477 2862 1521 2918 ubi
1533 2862 1620 2927 nobis,
1636 2864 1658 2919 si
1670 2864 1827 2933 simpliciter
1837 2865 1896 2920 sinc
1906 2865 2013 2922 discus·

1216 2952 1292 3008 sione
1303 2954 1473 3023 accipiamus,
1484 2955 1608 3024 superbia
1617 2955 1723 3012 ridetur
1732 2956 1865 3026 imposita,
1877 2971 2013 3028 neuun·

1217 3061 1295 3115 ortatu
1306 3047 1333 3101 in
1344 3046 1385 3100 uia
1398 3047 1554 3102 salutemus.

1252 3138 1279 3192 o.
1295 3136 1453 3209 l'roeceptum
1465 3140 1497 3193 de
1510 3140 1611 3194 surculo
1626 3157 1678 3195 ooo
1696 3139 1809 3210 [nendo.
1833 3140 2013 3199 Attendaut·

1218 3232 1357 3286 Dumimun
1378 3241 1497 3286 nostrum
1513 3232 1665 3300 exemplum
1681 3247 1771 3288 rerum
1792 3242 1818 3289 et
1836 3233 2012 3304 adjutoriun.

1217 3322 1365 3379 Probemus
1389 3324 1450 3390 onia
1472 3323 1654 3394 adjutorium:
1678 3323 1740 3380 Sine
1761 3341 1801 3378 me
1822 3325 1886 3379 nibil
1908 3324 2014 3391 potu&

1217 3419 1309 3487 [acne.
1331 3415 1479 3471 Prodemus
1496 3415 1556 3486 qun
1571 3416 1722 3486 etetnplum
1737 3434 1744 3470 ε
1759 3416 1873 3473 Citristut
1882 3434 1929 3487 pro
1941 3416 2014 3474 uf·

1218 3525 1308 3580 pessus
1318 3517 1370 3576 est,
1385 3507 1479 3563 Petrus
1491 3508 1565 3575 dicit,
1581 3509 1651 3563 notis
1664 3510 1807 3580 relinquens
1818 3510 1975 3582 sumptum,
1985 3519 2014 3567 ut

1218 3616 1351 3671 mmor
1368 3602 1471 3672 oestipic
1485 3603 1540 3672 ejus
1553 3601 1574 3674 (l
1590 3600 1661 3656 Petr.
1675 3617 1709 3666 tt,
1722 3601 1779 3672 tt).
1803 3601 1863 3673 lpse
1882 3602 2013 3678 botnitt·

1218 3699 1310 3747 noster
1330 3691 1432 3747 loculos
1446 3691 1538 3748 babuit
1557 3692 1583 3747 in
1598 3692 1657 3756 ria,
1677 3703 1704 3748 ct
1723 3693 1796 3762 ipsos
1816 3693 1921 3748 loculos
1934 3691 2013 3751 doda

1218 3773 1460 3840 commendauerat.
1474 3783 1628 3841 Patiebatur
1640 3784 1747 3856 qtridem
1759 3783 1844 3840 iurem
1860 3783 1952 3855 (tm.
1965 3800 2011 3853 stt,

1219 3874 1248 3946 6)
1264 3892 1270 3928 :
1285 3874 1333 3930 sed
1355 3890 1438 3946 egea
1462 3876 1575 3931 Domino
1599 3889 1659 3947 men
1680 3876 1783 3933 discere
1805 3875 1919 3946 cupiens
1939 3874 2012 3945 dico,

1219 3967 1350 4033 Domine,
1371 3967 1514 4039 patiebaris
1533 3967 1635 4032 lurern,
1651 3968 1722 4024 nudo
1737 3969 1853 4024 bebelius
1868 3968 1940 4025 uude
1961 3968 2014 4025 tol-

1219 4062 1305 4117 leretl
1326 4060 1368 4117 lle
1386 4060 1521 4117 bominem
1540 4061 1667 4117 miserum
1686 4070 1713 4115 et
1734 4061 1866 4117 inbrutum
1886 4058 2013 4117 montisti

1218 4167 1270 4208 nec
1280 4152 1414 4208 saeculum
1427 4163 1533 4223 portare
1549 4169 1555 4206 :
1573 4162 1600 4207 tu
1615 4152 1723 4222 portasti
1735 4152 1845 4217 loculos,
1859 4161 1888 4209 et
1897 4160 1958 4209 erat
1968 4150 2014 4207 ulu'

1220 4245 1305 4301 latrem
1320 4244 1457 4314 patereris.
1478 4243 1574 4300 Sinon
1594 4253 1729 4313 portares,
1753 4259 1803 4300 nec
1817 4243 1862 4300 ille
1882 4242 2015 4301 inveniret

1220 4335 1290 4405 tltlttd
1302 4334 1428 4391 auferret.
1448 4335 1517 4403 Quid
1530 4344 1632 4402 restat,
1648 4336 1698 4391 nisi
1713 4335 1784 4406 qood
1798 4335 1841 4390 liic
1853 4334 1925 4390 dieat
1936 4332 2013 4402 milti,

1223 4427 1341 4498 lntelllge
1355 4427 1426 4498 quod
1443 4428 1538 4492 attdis,
1564 4426 1650 4482 Nolite
1662 4437 1763 4497 pertore
1782 4408 1923 4482 uerutum.
1944 4424 2015 4495 Quid

1220 4530 1262 4575 est
1275 4519 1415 4576 sacculus?
1429 4520 1543 4576 Pecunia
1555 4521 1663 4582 clausa,
1681 4520 1707 4575 id
1722 4529 1772 4586 est,
1786 4520 1892 4576 occulta
1904 4520 2014 4591 sapiu-

1221 4613 1266 4668 tia.
1281 4611 1348 4681 Quid
1358 4621 1409 4677 est,
1427 4611 1514 4667 Nolite
1524 4623 1624 4681 portare
1634 4612 1782 4667 socculum?
1794 4610 1883 4667 Nulilc
1895 4610 1955 4668 lteri
1968 4625 2015 4669 ιι·

1221 4706 1326 4775 pientes
1348 4718 1432 4774 penes
1452 4705 1638 4774 vosmetipsos.
1666 4702 1786 4774 decipite
1808 4701 1938 4773 Spiritum
1952 4717 2017 4761 ιιι-

1221 4807 1304 4853 ctum.
1328 4796 1399 4851 Foris
1419 4797 1445 4852 in
1465 4806 1492 4853 te
1508 4797 1587 4852 debet
1606 4810 1685 4863 esse,
1709 4811 1762 4851 troo
1779 4794 1921 4863 sacculus;
1944 4793 2018 4853 unt·

1221 4896 1363 4958 erogatur,
1387 4902 1439 4942 non
1460 4888 1504 4942 ubi
1527 4885 1686 4942 includatur.
1712 4885 1769 4942 ttoc
1782 4897 1824 4941 est
1843 4901 1924 4956 pera.
1943 4885 2017 4957 qttod

1222 4988 1262 5036 est
1279 4978 1410 5034 sacculus.

1257 5070 1369 5127 corut
1384 5069 1427 5124 l'l.
1447 5100 1482 5110 -
1503 5070 1530 5126 7.
1544 5068 1770 5124 Decolceumcotis
1793 5086 1844 5123 non
1866 5060 2019 5142 induendis.

1222 5163 1406 5219 calceamenta
1416 5162 1478 5231 quid
1501 5161 1579 5217 suntl
1598 5161 1782 5218 calceamenta
1795 5160 1892 5229 quillus
1904 5160 2021 5229 utimur,

1223 5255 1294 5310 curia
1314 5264 1479 5308 tnrtrtuorum
1503 5261 1583 5320 sunt,
1603 5252 1679 5306 nolus
1695 5253 1810 5323 tegorina
1832 5250 1944 5322 peditur.
1966 5250 2023 5309 Pe

1224 5348 1275 5402 boc
1287 5363 1351 5417 ergo
1367 5345 1494 5415 jubemur
1513 5345 1666 5401 renuntiare
1680 5345 1791 5399 mortuis
1809 5343 1947 5413 operibus.
1963 5342 2023 5401 bric

1224 5440 1250 5495 in
1265 5438 1347 5509 lagana
1366 5437 1470 5509 tloyses
1486 5436 1696 5502 admonebatur,
1716 5435 1822 5507 quando
1837 5435 1970 5491 ὓοωιιιιιε
1981 5434 2021 5491 b

1224 5546 1308 5601 utteris
1329 5538 1375 5595 art,
1397 5528 1473 5585 Soloe
1492 5529 1660 5583 culceurrurottt
1679 5526 1832 5598 stapedibus
1855 5527 1932 5581 luis:
1948 5526 2023 5601 locu

1224 5624 1291 5677 cniot
1311 5622 1337 5676 io
1355 5638 1404 5692 quo
1418 5630 1471 5676 stus
1487 5631 1554 5675 terro
1571 5630 1659 5674 sanctu
1671 5628 1707 5673 est
1719 5617 1815 5689 (ΕΜ.
1832 5634 1880 5685 ttt,
1894 5616 1935 5692 5).
1950 5614 2023 5689 Qttid

1225 5723 1279 5770 tam
1298 5723 1368 5770 terra
1389 5720 1498 5780 sancta,
1511 5727 1591 5783 quam
1612 5712 1658 5768 bei
1678 5710 1816 5767 Ecclesia!
1841 5709 1868 5765 ln
1891 5710 1937 5766 illa
1957 5724 2025 5783 cmo

1225 5813 1329 5861 swanus
1342 5844 1349 5869 ,
1363 5805 1543 5859 calceamenta
1557 5804 1702 5867 solventes,
1718 5801 1744 5856 id
1759 5811 1812 5858 est.
1826 5803 1942 5856 mortuis
1954 5814 2023 5872 ope·

1226 5894 1299 5951 ribus
1309 5893 1497 5949 renuntiemus
1514 5891 1580 5947 Nam
1595 5891 1629 5947 de
1643 5891 1684 5948 bis
1696 5890 1902 5959 calceamentis,
1917 5890 2021 5959 umbus

1226 5984 1336 6040 calceati
1347 5984 1513 6039 ambulamus
1527 6027 1533 6051 ,
1550 5983 1703 6040 cortuolatur
1716 5997 1759 6038 mc
1772 5983 1841 6037 idem
1856 5983 1914 6050 ipse
1926 5983 2021 6040 botui-
