4759 6684
382 528 414 584 tt
1107 525 1297 582 murnum.
1968 524 2002 581 tt

409 634 587 695 rutinorum
598 634 760 690 instituimus
777 634 860 689 rttrdto
880 633 955 690 romi
968 637 1077 691 inionem
1095 640 1338 709 accuratioretnqne
1352 682 1360 705 ,
1373 640 1399 693 in
1412 656 1462 710 qna
1473 648 1552 696 ettam
1567 657 1620 711 prae
1642 642 1786 698 Robertina
1801 642 1851 697 boc
1863 644 1997 701 contotmii

374 738 428 794 est,
443 728 513 800 quud
528 729 635 798 propius
647 729 680 781 ab
692 730 797 795 urrtiqnu
812 738 838 782 et
853 731 954 799 uulgata
969 730 1086 795 recedit;
1112 746 1172 785 cum
1187 747 1326 785 sermones
1338 749 1432 787 onmes
1451 748 1498 801 pro
1511 735 1638 787 varietate
1660 736 1810 804 argtrmemi
1834 742 1943 790 reuocet
1963 734 1997 791 sd

375 823 454 879 besee
468 834 581 893 quatuor
592 822 716 883 ordines,
732 822 765 876 de
778 823 920 892 Scriptnris
931 864 938 886 ,
951 823 984 876 de
998 824 1148 892 Tempore,
1160 824 1194 877 de
1207 824 1328 889 Sanctis,
1342 825 1413 879 etde
1427 827 1550 880 Diversis.
1565 826 1720 880 Addidimus
1735 839 1860 894 qrrauerea
1873 829 1995 896 quintum

373 914 494 969 ordinent
509 913 666 968 Sermonum
679 911 829 978 dubiorum,
844 914 914 982 <quod
930 913 1053 968 uidelicet
1066 915 1165 968 trullum
1178 915 1228 969 nisi
1238 925 1328 984 operte
1341 916 1534 985 supposititium
1548 918 1572 970 iu
1589 919 1766 987 Appertdieem
1780 918 1890 987 rejicere
1905 921 1996 975 consi·

374 1004 436 1058 lituu
452 1004 539 1059 luerit,

409 1097 502 1151 Fulsos
520 1104 609 1149 atttcm
626 1096 695 1149 reris
708 1096 806 1150 diutius
818 1095 941 1150 confusos
953 1096 1104 1164 relinquere
1118 1097 1270 1166 nerrttqusrn
1285 1098 1399 1152 licebat:
1416 1099 1626 1168 qnandoquidem
1655 1101 1703 1154 itae
1722 1101 1747 1153 in
1766 1117 1796 1155 re
1808 1101 1927 1171 qnotidie
1941 1112 1996 1156 tam

374 1188 450 1243 multi
463 1188 679 1256 decipiebantur,
696 1198 724 1241 ut
738 1188 844 1256 qnidam
859 1188 938 1240 nimis
952 1187 1052 1241 creduli
1065 1188 1223 1256 scriptiones
1235 1187 1324 1242 Fausti
1339 1199 1417 1258 atque
1429 1191 1540 1243 aliorum
1556 1190 1600 1244 imi
1614 1191 1732 1244 subsellii
1755 1201 1893 1245 arrctorum
1908 1195 1996 1261 Augu·

372 1282 501 1338 stinianas
513 1281 659 1345 ducerent;
673 1281 717 1333 alii
737 1288 829 1337 cotnra
853 1281 911 1349 plus
923 1295 999 1348 turqrm
1011 1281 1150 1348 suspiciosi
1166 1295 1305 1335 sermones
1317 1282 1462 1350 Augustino
1476 1282 1554 1351 longe
1577 1281 1747 1350 dignissimos
1764 1293 1809 1336 aut
1820 1293 1996 1351 respuerent,

372 1384 416 1429 aut
429 1385 567 1444 suspectos
580 1373 719 1428 baberent.
733 1373 785 1429 Sed
797 1375 925 1442 optimum
939 1372 1043 1426 ridetur
1055 1373 1180 1441 principia
1191 1381 1217 1426 et
1229 1382 1319 1439 notas,
1333 1374 1427 1442 quibus
1440 1374 1520 1427 innixi
1541 1374 1591 1427 bne
1609 1374 1737 1442 judicium
1756 1386 1835 1442 atique
1856 1390 1997 1429 censuram

371 1469 490 1539 aggressi
503 1484 612 1536 sumus,
626 1469 782 1533 declarare,
797 1479 825 1522 ιιι
836 1468 899 1520 irinc
912 1476 1009 1520 statuat
1024 1468 1221 1536 unusquisque,
1235 1484 1297 1521 nutu
1309 1468 1334 1520 in
1346 1469 1455 1523 numeria
1471 1469 1533 1521 tanti
1546 1470 1671 1521 momenti
1682 1471 1839 1522 sententiam
1852 1471 1954 1524 sinitaut
1966 1485 1997 1522 ae

371 1574 473 1618 certam
489 1563 557 1617 lerre
568 1566 735 1633 potuerimus
751 1581 757 1617 ε
772 1563 875 1616 tarnetsi
887 1562 944 1615 iteri
959 1571 1072 1627 nequeat
1087 1570 1115 1614 ut
1127 1561 1279 1630 singillatim
1295 1570 1372 1615 notas
1386 1576 1478 1615 omnes
1493 1561 1587 1630 quibus
1602 1562 1733 1615 sermonis
1747 1562 1873 1632 cujusque
1885 1577 1997 1617 ceritum

372 1657 520 1720 stenditur,
534 1657 684 1724 aperiamus
697 1698 702 1717 ,
715 1656 761 1708 sed
777 1663 876 1708 tautum
888 1653 1033 1722 generatim
1046 1653 1162 1721 aliquae,
1176 1667 1276 1720 casque
1291 1653 1373 1719 magis
1388 1651 1540 1705 familiares.

406 1747 524 1803 Primum
539 1749 656 1800 ornuinm
671 1747 739 1808 stili,
754 1761 804 1814 quo
819 1754 919 1797 tautum
941 1754 1064 1796 auctores
1086 1743 1155 1796 inter
1169 1757 1199 1796 se
1211 1783 1218 1806 ,
1232 1751 1359 1810 quantum
1382 1742 1501 1795 nomines
1515 1742 1587 1794 vultu
1601 1740 1744 1804 dillerunt,
1760 1742 1888 1797 rationem
1906 1742 1998 1797 babui-

373 1853 441 1892 mus.
456 1838 503 1893 liic
518 1853 612 1907 rientpe
625 1837 694 1907 qnod
710 1838 777 1904 epist
800 1837 851 1895 95,
866 1853 893 1887 n.
910 1835 960 1896 59.
984 1833 1018 1887 de
1034 1834 1163 1903 Cypriane
1183 1832 1254 1886 dixit
1279 1832 1459 1900 Augustinus,
1476 1832 1531 1899 pari
1543 1833 1602 1898 jure
1616 1832 1677 1885 licet
1689 1831 1722 1885 de
1737 1832 1793 1899 ipso
1808 1835 1997 1900 pronuntiare:

374 1929 455 1984 Stilus
469 1931 523 1998 ejus
544 1930 616 1980 liniret
635 1929 769 1998 qnmmtuur
793 1925 920 1995 proprioru
933 1925 1037 1993 quacient,
1054 1941 1103 1992 quo
1118 1923 1195 1992 possit
1207 1923 1319 1991 equorei.
1336 1921 1402 1973 Eum
1415 1930 1522 1975 sanctus
1547 1921 1722 1989 llierorqtnus
1737 1937 1768 1976 ex
1784 1923 1864 1989 stilo,
1886 1934 1914 1976 ut
1927 1924 1996 1978 idem

371 2023 482 2090 epistola
498 2023 564 2074 inter
580 2021 782 2089 Attgustinianas
796 2020 828 2071 tttt
844 2026 954 2068 testatur
970 2055 979 2093 ,
993 2016 1109 2083 signierit.
1126 2015 1157 2067 m
1172 2013 1354 2083 Lugdunensis
1370 2012 1484 2066 Ecclesia
1499 2013 1565 2065 libro
1578 2012 1611 2065 de
1625 2012 1707 2064 trilms
1720 2013 1854 2082 Epistolis,
1869 2029 1928 2083 cap.
1944 2016 1995 2078 35.

365 2123 402 2168 'ut
415 2116 508 2184 probet
522 2115 733 2183 llypognostimn
748 2112 795 2179 ipsi
810 2128 861 2163 non
877 2125 935 2162 csse
946 2101 1148 2161 miseribendum
1163 2149 1169 2171 ,
1185 2106 1280 2160 eodem
1294 2107 1376 2158 utitur
1388 2115 1552 2174 argumento.
1567 2104 1755 2158 i'ccutntamcn
1769 2106 1790 2157 si
1814 2108 1921 2162 nomine
1943 2109 1996 2162 stili

375 2209 437 2261 nibil
451 2208 521 2261 aliml
536 2208 696 2276 intelligatur
708 2222 785 2275 quam
800 2206 899 2265 dictio,
913 2203 1046 2255 latendum
1058 2212 1099 2256 est
1112 2202 1185 2254 illum
1203 2215 1255 2254 non
1268 2215 1372 2268 setrtper
1386 2215 1465 2253 rrttnm
1480 2209 1557 2267 atque
1570 2199 1697 2266 thttulem
1707 2197 1822 2252 existere
1836 2200 1861 2252 in
1873 2201 1997 2268 operibus

373 2300 529 2370 Augustini,
556 2299 601 2351 sed
622 2298 735 2350 maxime
760 2296 785 2348 in
805 2294 992 2356 surrnomtms,
1009 2307 1074 2362 qnos
1090 2302 1162 2345 tanta
1183 2305 1272 2346 rerum
1297 2306 1328 2343 ac
1343 2290 1459 2343 locorum
1481 2288 1633 2342 diuersitate
1648 2302 1696 2355 pcc
1717 2287 1889 2357 quadraginta
1913 2305 1996 2344 anctos

374 2391 474 2446 balnrit.
492 2390 561 2442 luter
571 2389 619 2441 bns
633 2389 675 2440 alii
687 2388 720 2439 ab
733 2402 765 2439 co
781 2403 826 2454 prr
836 2385 1012 2438 sacerdotium
1027 2400 1103 2438 sumn
1120 2383 1259 2451 compositi
1277 2383 1392 2450 priorum
1407 2381 1489 2450 ipsius
1503 2381 1712 2434 lucubrationum
1725 2381 1841 2434 colorem
1856 2383 1996 2450 quemdam
2071 2387 2073 2390 ⁴

374 2480 510 2544 relernnt,
531 2479 575 2532 alii
591 2479 624 2531 ab
637 2477 729 2530 eodem
744 2476 888 2528 tutaturiore
899 2475 951 2542 jam
967 2482 1045 2528 utute
1060 2474 1220 2542 pronuntiati
1232 2473 1265 2525 ad
1278 2473 1423 2540 posteriora
1438 2487 1517 2539 opera
1532 2472 1614 2540 magis
1624 2471 1751 2525 accedunt
1766 2488 1772 2524 :
1787 2474 1905 2526 nonnulli
1918 2490 1997 2529 accu-

373 2585 429 2624 rate
441 2581 468 2624 et
488 2587 547 2624 cum
572 2570 742 2624 meditatione
765 2568 910 2621 elucubrati
931 2573 1007 2630 sont,
1036 2566 1153 2618 nonrmlli
1178 2580 1211 2618 cx
1228 2574 1347 2632 tempore
1362 2564 1432 2618 lusi:
1448 2565 1506 2617 illos
1519 2574 1638 2618 extremo
1651 2565 1877 2618 lletractationnm
1892 2567 1995 2636 eapite,

374 2662 440 2715 libro
451 2663 478 2727 Ξ,
490 2662 602 2714 dictatos
615 2670 701 2719 secat,
716 2658 764 2710 bos
777 2667 863 2710 autem
878 2657 962 2709 dictos
979 2673 985 2707 :
1002 2656 1164 2725 proindeque
1178 2657 1281 2724 aliquos
1294 2655 1433 2720 inuitemus,
1447 2656 1563 2725 qualesa
1577 2655 1702 2718 notariis,
1717 2655 1779 2709 dum
1793 2657 1872 2710 verita
1888 2659 1994 2723 laceret,

373 2755 489 2820 excerpti
507 2762 585 2814 sunt,
600 2767 659 2805 cum
677 2751 719 2803 alii
742 2751 861 2819 legantur
875 2764 949 2816 mque
972 2747 1102 2799 cttncndati
1117 2763 1148 2799 ae
1161 2747 1254 2816 integri
1269 2758 1348 2815 atqtre
1361 2763 1440 2815 opera
1456 2748 1552 2817 proprii
1568 2749 1684 2801 auctoris
1698 2764 1776 2801 manu
1790 2759 1897 2804 exsucata
1910 2752 1996 2805 solent

372 2863 440 2901 esse.
457 2846 485 2899 ld
499 2861 559 2900 eum
572 2844 655 2897 critici
668 2843 773 2912 qnidam
790 2841 917 2894 nonsatis
931 2839 1125 2900 ailrertisscnt,
1140 2837 1283 2893 Semnones
1298 2841 1391 2909 primis
1405 2840 1540 2908 Augustini
1555 2841 1648 2904 antris,
1664 2850 1691 2894 nt
1701 2856 1749 2894 sno
1769 2841 1828 2895 loen
1844 2844 1997 2897 observari-

373 2955 449 3000 rnns,
471 2937 634 3005 compositos
648 2946 739 2989 saincte
760 2934 864 2987 lloctori
880 2931 1074 3001 abjudicarunt.
1091 2931 1130 2985 Ad
1144 2932 1295 3001 liujusmodi
1307 2947 1371 3002 ergo
1383 2947 1522 2987 censuram
1546 2942 1617 2987 recte
1630 2933 1793 2999 obeundam,
1819 2945 1995 3004 praeterquam

373 3030 441 3098 qnod
455 3028 532 3082 stilus
545 3027 635 3096 operis
644 3025 716 3081 dubii
727 3025 761 3078 ad
775 3023 877 3094 singula
892 3023 1038 3077 indubitata
1052 3037 1131 3090 opera
1143 3023 1289 3092 exigendus
1303 3032 1361 3088 est,
1378 3039 1540 3093 rtenuaqnam
1553 3025 1591 3077 ris
1606 3026 1649 3078 illa
1665 3026 1721 3078 sire
1733 3027 1842 3094 spiritns
1856 3043 1909 3097 qim
1921 3028 1997 3083 stilus

373 3119 447 3188 quasi
461 3119 611 3182 artunntur,
629 3115 778 3185 posthaberi
791 3114 879 3170 debet.
894 3113 997 3184 Ubique
1009 3114 1078 3167 enim
1090 3115 1242 3183 agnoscitur
1253 3115 1416 3184 Augustinus
1432 3115 1538 3184 proprio
1551 3116 1664 3184 quodam
1684 3115 1842 3186 eloquentiae
1860 3121 1948 3189 grauis
1966 3135 1997 3175 ae
2064 3151 2072 3166 ·

375 3209 451 3262 scrin
470 3222 587 3276 gernere,
606 3205 674 3275 quod
689 3205 738 3259 sibi
754 3204 881 3259 lectorum
894 3206 998 3259 auiuros
1012 3205 1134 3274 subjicit,
1150 3220 1203 3258 non
1216 3205 1305 3274 lepore
1316 3214 1429 3274 comptus
1445 3216 1524 3275 atque
1544 3206 1672 3262 affectate
1684 3209 1860 3276 elocutionis,
1874 3212 1920 3267 sed
1938 3212 1996 3266 etn-

371 3299 443 3355 eucin
467 3297 581 3368 quadem
597 3295 708 3365 judieii,
735 3295 898 3365 prudentie,
920 3296 1041 3366 pietatis,
1062 3296 1223 3360 honestatis,
1244 3296 1394 3362 modestiae,
1411 3298 1561 3364 comitatis,
1584 3299 1748 3369 aliarumque
1773 3301 1913 3363 uirtutum,
1937 3319 1996 3373 qun

373 3390 470 3459 passim
492 3390 517 3443 in
538 3389 595 3458 ejus
607 3388 727 3443 oratione
748 3387 816 3442 adeo
827 3387 928 3457 iulgent
941 3396 1020 3456 atque
1032 3388 1163 3452 emicant,
1189 3396 1219 3440 ut
1231 3386 1313 3455 ipsius
1327 3387 1417 3440 stilum
1438 3402 1516 3441 uento
1534 3387 1679 3442 imitatione
1693 3400 1858 3459 assequatur.
1884 3391 1933 3446 llic
1956 3405 1998 3449 est

372 3485 503 3555 precipue
515 3484 613 3555 Lydius
626 3482 708 3551 lepis,
721 3496 774 3552 quo
787 3495 925 3536 sermones
935 3495 997 3534 rere
1011 3480 1193 3549 Angustiuiuni
1209 3479 1371 3549 probantur;
1387 3486 1415 3532 et
1426 3478 1459 3532 ad
1470 3494 1547 3548 quem
1562 3480 1740 3550 Appendicem
1756 3483 1778 3534 si
1789 3483 1848 3551 quis
1857 3483 1995 3543 adhibeat.

372 3573 398 3630 in
409 3590 471 3630 eam
487 3589 569 3645 prope
580 3575 728 3628 uniuersam
742 3580 885 3642 cogitasset
897 3569 992 3625 cadere
1003 3570 1066 3624 illud
1080 3585 1172 3640 posse,
1189 3569 1259 3641 quod
1275 3569 1308 3624 de
1323 3569 1519 3641 lippognostico
1532 3573 1729 3640 pronuntiatum
1741 3581 1799 3627 est:
1817 3573 1850 3627 m
1864 3592 1950 3630 seusus
1962 3578 1995 3629 ot

371 3657 441 3721 iilius
453 3683 527 3722 sensu
542 3667 646 3736 inferior
654 3665 758 3719 linietur
768 3705 777 3728 ,
789 3675 813 3717 et
828 3663 949 3718 trudentia
962 3671 1036 3729 ntqrn
1051 3663 1180 3717 liunriiitus
1190 3679 1288 3717 morunt
1301 3674 1324 3716 et
1336 3679 1478 3716 samonum
1488 3666 1543 3734 ejus
1557 3682 1606 3719 nou
1618 3665 1653 3719 ibi
1663 3677 1784 3722 serretur.

408 3756 590 3827 Lugdunensis
605 3757 741 3823 Ecclesia,
765 3755 840 3825 cujus
854 3754 911 3809 ltaec
932 3755 1011 3809 uerba
1026 3763 1105 3819 snut,
1127 3754 1224 3808 ibidem
1249 3754 1320 3808 uliud
1342 3755 1470 3809 indicium
1493 3755 1592 3810 addit:
1616 3756 1650 3810 m
1671 3759 1831 3823 testimoniis,
1853 3761 1950 3831 inquit,
1966 3781 1997 3819 en

372 3849 487 3904 itedrnicn
501 3850 681 3914 translatione,
706 3865 781 3918 quom
794 3847 880 3901 beatus
894 3845 1062 3916 Hieronymus
1076 3847 1170 3912 edidit,
1185 3855 1275 3917 preter
1293 3849 1348 3922 eius
1362 3833 1565 3902 connsuetudinem
1579 3859 1666 3902 contre
1678 3852 1736 3905 illos
1750 3851 1879 3909 iterumne
1898 3859 1996 3912 utitur:

370 3940 437 4010 qttod
447 3939 489 3992 ille
504 3940 648 4007 exustique
658 3938 741 4008 potius
758 3937 866 3991 editione
877 3941 961 4007 [necue
973 3938 1109 3990 eorrsrurit.
1125 3935 1202 4002 Quod
1218 3937 1324 4004 quidem
1341 3937 1465 3991 indicium
1481 3953 1514 3992 eo
1535 3939 1639 4008 lougius
1663 3942 1793 4010 latiusque
1813 3947 1995 4013 protenditur,

371 4029 441 4099 quod
454 4029 533 4083 alium
549 4029 768 4093 translationem,
793 4043 853 4084 cum
868 4028 939 4080 breti
954 4027 1137 4082 anctoritatem
1153 4028 1252 4081 ueteris
1264 4037 1442 4099 occupasset,
1467 4038 1572 4084 constat
1587 4031 1643 4099 jum
1668 4033 1729 4087 inde
1751 4051 1765 4087 a
1786 4037 1879 4105 quinto
1898 4041 1997 4096 saccio

370 4120 507 4192 :rtttplcxos
530 4135 589 4175 esse
602 4119 755 4173 Saluianum
780 4118 990 4180 Massiliensem,
1006 4116 1167 4170 Euclrerinm
1180 4116 1406 4186 Lugdunensem,
1421 4118 1536 4173 Leomm
1552 4121 1699 4175 Rotnanutu
1721 4124 1893 4192 Pontilieem,
1919 4138 1998 4199 etque

372 4215 450 4268 alios.
467 4212 611 4283 Gregorius
626 4217 802 4280 cognomento
816 4206 944 4276 Aiagnus,
960 4206 1004 4275 qni
1020 4222 1131 4270 noram,
1146 4223 1224 4274 quam
1236 4218 1329 4273 uocat,
1353 4210 1472 4264 scribens
1487 4211 1512 4264 iu
1525 4210 1617 4265 librum
1630 4211 1681 4266 Job
1692 4215 1824 4283 sequitur,
1839 4218 1950 4287 epistola
1963 4224 1998 4279 ad

372 4305 520 4362 beandi-um
532 4313 669 4372 utramque
683 4301 708 4354 iu
721 4299 838 4354 Ecclesia
855 4297 971 4351 itomana
985 4303 1049 4349 tunc
1064 4297 1190 4364 temporis
1206 4295 1255 4366 legi
1272 4297 1376 4350 solitam
1399 4298 1487 4352 tradit.
1504 4299 1556 4354 Sed
1572 4316 1622 4355 non
1644 4305 1726 4357 multo
1740 4315 1800 4373 post
1812 4321 1878 4360 nora
1899 4311 1997 4380 ubique

372 4397 488 4465 genitium
509 4392 640 4457 obtinuit,
661 4398 731 4446 teste
744 4387 864 4455 isidoro,
878 4386 923 4458 qui
948 4400 1000 4441 non
1022 4386 1100 4455 longe
1122 4385 1155 4439 ab
1169 4384 1244 4439 initio
1267 4387 1371 4455 septimi
1384 4391 1475 4443 seculi
1489 4390 1514 4442 in
1527 4391 1593 4446 libro
1608 4393 1693 4461 primo
1714 4394 1747 4446 de
1765 4395 1864 4452 birinus
1876 4398 1997 4466 Ollieiis,

372 4507 430 4560 cap.
446 4490 489 4554 li,
502 4489 540 4543 sie
553 4488 651 4543 babet:
668 4485 706 4540 De
716 4482 813 4538 leiren
826 4491 910 4536 nutem
930 4483 956 4534 in
971 4481 1077 4535 latinum
1087 4477 1259 4532 tantummodo
1272 4477 1440 4551 iiierotrqmus
1453 4483 1677 4554 presumentem
1694 4485 1842 4555 Scripturas
1859 4498 1997 4560 conuertit,

372 4582 444 4651 eujus
457 4580 563 4632 editione
572 4576 719 4648 generaliter
733 4589 817 4627 omues
828 4570 949 4625 Ecclesioe
960 4584 1134 4640 usquequaque
1148 4577 1265 4622 utuntur.

411 4670 494 4724 Porro
511 4668 583 4722 bisce
595 4663 753 4721 testimoniis
768 4659 924 4716 Psalterium
938 4659 1171 4729 llieronytuianum
1183 4673 1216 4712 ex
1227 4658 1343 4726 hebraeo,
1358 4661 1427 4730 qnod
1443 4677 1527 4731 neque
1540 4664 1566 4717 in
1577 4664 1784 4736 Hypognostico.
1799 4683 1884 4740 neque
1898 4672 1924 4727 in
1938 4675 2000 4731 aliis

375 4771 494 4815 ueterum
510 4755 735 4812 lucubrationibus
752 4751 892 4822 reperitur,
912 4750 1021 4806 minime
1035 4749 1233 4818 intelligendum
1248 4759 1289 4804 est
1306 4760 1355 4805 :at
1369 4752 1536 4808 solummodo
1551 4755 1609 4809 aliae
1622 4758 1722 4827 antiqui
1737 4757 1844 4816 lmderis
1859 4767 2000 4836 precipuas

375 4864 472 4924 partes.
486 4848 664 4904 Nihilominus
679 4854 766 4898 tamen
786 4857 846 4896 curn
866 4840 1011 4907 Psalterio,
1034 4839 1060 4894 in
1075 4839 1146 4908 qnod
1159 4840 1364 4896 commentarios
1382 4841 1466 4899 edidit
1479 4844 1658 4913 Augustinus,
1673 4865 1727 4902 suae
1746 4852 1858 4922 propriae
1874 4855 2001 4913 tentiones

374 4946 443 5008 sint,
459 4950 538 5010 atque.
555 4937 590 4994 ab
608 4936 720 4991 aliorum
736 4927 807 4986 lrau'd
822 4929 992 4986 mediocriter
1012 4928 1205 4997 discrepantes,
1228 4927 1291 4985 illud
1305 4944 1410 5001 qnoque
1424 4933 1488 4986 satis
1510 4933 1609 4987 utiliter
1626 4935 1651 4989 in
1673 4939 1795 4994 examine
1812 4952 1904 4998 nostro
1923 4947 2000 5000 ndlti-

375 5039 490 5094 bninms.

408 5128 476 5183 Cum
491 5125 516 5178 in
531 5120 684 5192 praelatione
698 5117 762 5171 tomi
776 5115 863 5186 quarti
876 5114 910 5169 de
925 5111 1099 5169 transtatione
1112 5125 1190 5182 quam
1205 5119 1311 5168 sonitus
1324 5120 1383 5167 erat
1394 5113 1573 5183 Augustinus,
1593 5130 1608 5168 a
1623 5115 1699 5170 nobis
1711 5125 1911 5193 ageretur-(qun
1925 5131 1959 5180 de
1975 5145 2002 5183 re

377 5221 402 5272 in
418 5215 574 5289 praelatione
588 5211 675 5274 tertii,
694 5209 720 5262 in
733 5207 915 5263 admonitione
927 5219 1007 5275 super
1020 5203 1158 5273 Augustini
1172 5201 1304 5272 Speculo,
1318 5212 1345 5257 et
1358 5203 1420 5258 alibi
1435 5204 1462 5258 in
1475 5219 1571 5275 genere
1580 5204 1636 5275 lem
1648 5204 1733 5262 luerat
1746 5213 1865 5266 rtorrnilril
1878 5216 2005 5272 obserua-

377 5319 431 5364 tum
440 5310 461 5378 ),
475 5316 591 5362 mentem
605 5311 723 5359 nostram
738 5310 928 5369 aperueramus
939 5295 973 5350 tle
985 5294 1103 5364 Vulgatae
1111 5293 1256 5358 'Psalterin
1268 5293 1338 5364 quod
1351 5293 1457 5363 quidem
1472 5295 1548 5349 nobis
1561 5295 1624 5349 illud
1636 5299 1732 5367 ipsum,
1743 5300 1773 5356 in
1784 5318 1836 5371 quo
1846 5307 1984 5377 corrigend
1996 5326 2002 5359 ι

376 5401 553 5468 llieronyntus
567 5392 711 5450 secundnm
725 5404 816 5444 curam
831 5396 924 5458 rogatu
934 5384 1028 5445 'Paulae
1040 5395 1119 5454 atque
1132 5382 1266 5438 Eustocbii
1279 5391 1441 5451 susceperat,
1456 5398 1515 5437 esse
1529 5383 1676 5438 ridebatur.
1691 5386 1784 5443 Utrum
1798 5392 1823 5444 iu
1837 5408 1893 5446 reru
1907 5410 2001 5451 norrrm

376 5491 421 5562 qq}
444 5488 588 5556 scriptura
609 5481 697 5536 studio
716 5487 813 5534 natant
831 5492 959 5547 operam,
983 5474 1097 5530 loturum
1117 5473 1151 5528 sit
1172 5473 1324 5542 opinionem
1345 5483 1462 5527 nostram
1484 5475 1659 5542 confirmare„
1684 5493 1735 5531 non
1757 5479 2003 5542 delinimussccrte

378 5579 545 5634 reimmittere
553 5583 610 5627 non
618 5576 771 5640 posumus,
787 5566 851 5637 quin
864 5565 913 5620 riri
922 5565 954 5618 'in
966 5560 1068 5618 'litter'ls
1081 5561 1204 5616 bunrauis
1216 5569 1244 5616 ct
1260 5560 1356 5615 diuinis
1366 5562 1501 5616 exercitati
1512 5562 1705 5631 objectionibus
1719 5567 1786 5622 ltand
1801 5578 2003 5632 contemnendis

376 5672 715 5830 ωιτιιᾞέἓζῃωῃωιιι
733 5748 760 5805 ln
775 5744 914 5817 Pstllterlls
930 5745 1034 5802 ctllamo
1053 5745 1181 5817 ¹scriptis,
1201 5760 1260 5817 qnae
1273 5748 1349 5802 nobis
1364 5749 1389 5802 in
1405 5764 1498 5805 nranns
1516 5767 1612 5822 magno
1627 5771 1736 5810 rtumero
1749 5768 1894 5821 venerunt,
1911 5761 1961 5814 nisi
1974 5765 2000 5819 in

380 5848 509 5922 insigma,
525 5847 658 5916 ilierenyn
669 5839 721 5896 tant
735 5836 855 5894 Psslterli
868 5835 998 5892 obeliscos
1010 5845 1088 5901 atque
1101 5836 1242 5892 asteriscos
1259 5837 1369 5890 inueniri
1380 5878 1388 5902 ,
1401 5848 1481 5909 atque
1493 5841 1559 5895 adeo
1572 5857 1653 5897 ιιιιιιιιι
1672 5843 1794 5914 idemque
1809 5846 1890 5901 rideri
1904 5847 2005 5905 Psalte·
