4759 6684
368 553 423 611 325

367 669 457 722 arriana
469 678 531 731 tua,
545 676 570 721 et
583 667 771 730 contristatur,
788 666 847 735 quia
860 663 926 719 dicis
939 663 974 728 ei,
988 659 1045 715 Noli
1059 659 1159 713 odisse.

368 756 513 828 Responde
538 758 594 823 illi,
618 757 703 823 Quare
720 758 796 811 tristis
814 773 840 810 er
856 756 941 809 anima
962 769 1034 820 mee,
1049 761 1071 807 ct
1083 768 1162 824 quare

367 849 502 904 conturbas
524 849 586 904 niet
608 849 693 915 Quare
707 849 784 903 trieris
799 865 824 902 es
834 848 847 901 t
859 846 919 901 Noli
931 845 1036 911 odisse,
1052 859 1086 899 ne
1100 859 1162 913 per·

366 941 419 999 das
437 956 492 996 nte.
516 941 602 1009 Quare
621 941 755 997 centurbae
769 941 830 996 rael
843 939 926 1011 Spera
938 940 965 993 in
979 936 1062 992 bean
1075 935 1160 1002 terat.

367 1045 431 1096 m,
442 1029 480 1101 o).
495 1031 635 1100 langues,
649 1031 770 1098 anhelas,
783 1029 940 1102 ‘aegritudine
952 1029 1079 1084 sauciaris
1089 1045 1096 1093 ;
1108 1043 1162 1103 nau

368 1128 447 1191 potes
457 1120 505 1176 tibi
519 1122 613 1177 tollere
626 1121 726 1177 odium.
741 1121 824 1194 spera
833 1123 860 1176 in
872 1121 962 1188 Dmm,
973 1121 1092 1177 medicus
1103 1130 1161 1187 est;

368 1225 421 1281 pro
441 1217 467 1267 te
486 1212 612 1282 pependit
633 1213 658 1265 in
675 1213 763 1281 ligno,
778 1220 805 1267 et
818 1211 936 1267 nondum
949 1220 992 1268 est
1004 1210 1161 1265 vindicatus.

366 1300 440 1368 Quid
462 1303 502 1358 ris
524 1301 673 1357 vindicari?
695 1302 757 1356 ldeo
773 1303 844 1358 enim
858 1302 954 1369 odisti,
970 1310 999 1358 nt
1012 1301 1162 1357 vindiceris.

369 1388 438 1448 Vide
461 1393 619 1463 pendentem
643 1393 786 1450 Dominum
803 1404 893 1460 tuum,
908 1394 968 1449 ride
982 1394 1160 1463 pendentem,

365 1492 394 1538 et
417 1484 466 1538 tihi
486 1484 520 1539 de
540 1484 611 1554 ligno
627 1495 751 1553 tanquam
766 1485 799 1540 de
813 1484 937 1539 tribunali
952 1484 1162 1554 praecipientem.

368 1573 438 1641 Vide
458 1575 637 1647 pendentem,
661 1584 690 1631 et
710 1576 754 1630 tibi
777 1576 908 1645 languenti
929 1574 1163 1647 desuosangulne

365 1669 594 1724 medicamentum
606 1669 754 1722 laniantem.
768 1667 834 1722 Vide
850 1667 1026 1737 pendentem,
1041 1667 1063 1722 si
1079 1668 1163 1722 viridi·

364 1759 484 1815 carinis.
494 1757 629 1813 Vindicari
638 1759 676 1812 ris
688 1775 695 1822 ;
708 1758 768 1813 uide
782 1760 958 1828 pendentem,
977 1759 1037 1814 audi
1053 1775 1164 1828 precan-

365 1857 442 1914 tem,
459 1846 554 1914 Pater,
568 1849 670 1919 ignosce
679 1848 744 1914 tttn,
765 1849 825 1918 quia
849 1849 962 1904 nesciunt
983 1848 1045 1920 qnid
1065 1850 1163 1921 [ualeant

365 1937 603 2010 (caenaret).

405 2029 518 2087 CAPUT
530 2030 576 2086 tx.
591 2061 627 2071 -
641 2030 683 2086 lb.
701 2029 824 2102 Stephani
837 2033 947 2089 charitas
960 2049 1020 2105 erpa
1034 2035 1163 2104 lapidato·

365 2137 410 2176 rer
420 2137 489 2175 suos.
502 2119 582 2177 seno
596 2130 621 2177 et
642 2122 734 2193 atttqtr.
756 2122 808 2179 Sed
829 2125 914 2194 potuit
940 2125 990 2179 lroc
1003 2125 1107 2192 lacere,
1120 2125 1162 2180 di·

364 2213 410 2267 cis
430 2211 494 2267 mihi
510 2229 516 2266 :
530 2227 580 2284 ego
597 2228 649 2268 non
663 2228 781 2283 possum.
796 2214 852 2285 Ego
863 2215 934 2270 enim
946 2215 1106 2279 homocum,
1118 2217 1162 2274 illa

368 2300 445 2357 Deus
467 2321 475 2358 ι
493 2302 575 2360 homo
594 2319 659 2374 ego,
675 2303 754 2359 homa
768 2304 812 2359 ille
827 2306 897 2361 bens
910 2307 999 2361 bomo.
1016 2308 1085 2362 bens
1097 2322 1162 2377 ergo

367 2393 465 2464 utquid
486 2393 584 2459 barno,
603 2395 625 2450 si
640 2411 692 2450 non
706 2395 847 2466 corrigitur
859 2396 960 2452 homo?
973 2397 1024 2453 Scd
1037 2413 1100 2454 ecce
1115 2398 1161 2454 tibi

368 2485 469 2555 toqnor
481 2502 489 2539 ι
503 2500 520 2541 o
532 2485 626 2552 homo,
642 2487 755 2542 multum
770 2497 809 2542 cst
824 2487 858 2542 ad
872 2497 898 2543 te
912 2488 1010 2544 imitari
1022 2490 1161 2547 bominum

367 2580 466 2643 tirum,
487 2576 596 2632 attende
615 2577 779 2649 Stephanum
797 2593 954 2634 conservum
977 2589 1060 2635 tunm.
1084 2581 1163 2639 Certe

368 2664 527 2736 Stephanus
539 2675 664 2734 sanctus,
680 2668 760 2723 homo
770 2677 844 2735 erat,
856 2683 889 2722 an
901 2669 987 2724 beust
998 2669 1084 2726 llomo
1093 2680 1161 2728 erat.

368 2755 455 2812 Plane
474 2757 555 2812 homo
568 2767 626 2813 erat
640 2775 646 2812 :
662 2757 780 2814 hocerat
794 2758 864 2828 qnod
880 2767 919 2815 tu.
933 2758 985 2815 Sed
1000 2761 1071 2830 quud
1085 2761 1160 2829 lecit,

366 2848 477 2905 nonnisi
496 2849 612 2906 donante
633 2851 695 2918 illo,
711 2865 789 2920 quem
805 2866 883 2922 rogas
895 2859 922 2906 ct
938 2860 976 2906 tn.
992 2851 1058 2907 Vide
1073 2861 1161 2910 tamen

364 2939 434 3011 quaid
454 2938 556 2995 lecerit.
577 2941 748 3011 Loqnebotur
759 2941 874 3008 lnalaeis,
889 2942 1015 2998 saeviebat
1027 2952 1053 2997 et
1067 2942 1162 3014 dilige·

368 3036 427 3088 bat.
441 3032 590 3104 Utrumque
603 3033 744 3089 ostendere
757 3033 853 3098 debeo,
864 3034 925 3104 quia
937 3033 1003 3100 dixi,
1014 3033 1161 3102 berichem

367 3123 426 3181 diui
436 3166 446 3193 ,
458 3123 496 3180 Et
508 3124 633 3195 diligebat
647 3141 654 3178 :
669 3135 811 3195 ntrmnqne
825 3125 910 3180 debeo
924 3125 1122 3191 demonstrare,
1135 3133 1162 3182 et

366 3219 542 3287 sarmatum,
554 3226 581 3274 et
590 3217 752 3289 diligentem.
765 3216 833 3272 dudi
844 3217 995 3272 sevientem
1008 3212 1101 3271 :bara
1110 3234 1163 3272 cer·

371 3311 437 3368 rice.
453 3310 540 3366 Verba
552 3319 614 3365 sont
628 3309 711 3365 sancti
724 3309 851 3378 Stephani
862 3348 871 3374 ,
884 3309 990 3379 qnando
1003 3308 1109 3364 iudans
1120 3308 1161 3363 al·

370 3402 531 3473 loquebatur
545 3419 552 3457 ι
565 3400 637 3454 liure
649 3400 757 3467 cumea,
771 3408 795 3454 et
809 3400 976 3456 incircumcisi
990 3400 1065 3454 carde
1078 3411 1102 3455 et
1112 3398 1161 3454 au·

371 3494 463 3559 rihne,
473 3509 516 3548 oea
528 3509 627 3558 semper
637 3491 746 3562 Spiritui
756 3502 842 3545 sancto
853 3491 987 3546 restitistis.
1003 3491 1082 3559 Quem
1097 3490 1163 3546 Pre-

372 3585 507 3657 plretarrrm
521 3600 572 3639 nuo
585 3585 728 3638 ocmdmunt
741 3592 823 3654 patrer
832 3584 906 3638 uestri
916 3583 929 3636 t
939 3583 1041 3638 Audisti
1052 3585 1164 3640 sevien-

373 3684 427 3730 tem
442 3692 450 3729 :
465 3675 579 3731 alterum
594 3673 696 3740 debeo,
710 3673 770 3728 audi
785 3683 812 3728 et
826 3673 987 3743 diligentem.
1004 3674 1064 3728 lrati
1076 3675 1112 3730 illi
1124 3674 1163 3728 la·

372 3768 426 3833 cti,
439 3773 467 3821 et
478 3767 585 3837 gravium
600 3765 817 3831 inardescentes,
832 3776 860 3821 et
872 3765 940 3820 mala
954 3777 1001 3834 pra
1014 3765 1090 3821 bonis
1103 3765 1163 3822 real·

373 3855 483 3924 alentes,
505 3855 538 3910 ad
557 3854 662 3924 lapides
681 3864 870 3921 eucrrrrerunt,
890 3855 936 3910 liei
954 3855 1081 3910 lamnlmn
1096 3857 1163 3926 lapi-

374 3946 437 4002 dare
456 3956 604 4018 caeperunt.
624 3946 674 4002 llic
695 3947 792 4016 proba,
813 3955 904 4002 sancte
923 3946 1076 4017 Stephane,
1094 3947 1163 4003 dile·

375 4039 489 4094 ationem
503 4047 573 4093 tuam
586 4053 594 4105 ;
608 4037 668 4105 hic,
681 4038 724 4094 hic
737 4046 763 4093 tc
773 4038 926 4105 uideamus,
940 4038 983 4094 iric
993 4048 1162 4108 spectemus,

376 4119 419 4186 ore
441 4129 568 4184 rictorem
593 4128 692 4185 diaboli
714 4127 987 4198 triumphatoremque
1012 4143 1163 4185 cernamus.

1116 543 1230 598 setino
1246 542 1277 597 l..

1949 552 2003 609 hii

1215 671 1264 725 pro
1275 671 1314 723 se,
1330 667 1358 712 et
1370 658 1405 712 nit
1421 675 1427 711 :
1444 657 1552 714 llonrine
1572 659 1645 727 tem,
1669 663 1755 731 accipe
1773 663 1887 734 spiritum
1908 682 2002 721 arreum.

1216 748 1315 805 Deinde
1335 751 1427 818 punitis
1440 752 1550 820 genibus
1566 767 1614 821 pro
1627 753 1817 822 lapidatoribus
1831 770 1910 813 orans
1925 775 1931 811 :
1948 757 2005 814 Dn-

1214 841 1296 905 nn'ne,
1310 841 1411 910 inquit,
1426 859 1457 895 ne
1470 852 1566 898 statuas
1580 844 1631 899 illia
1646 845 1693 900 leuc
1713 856 1850 916 peccatum.
1865 849 1921 906 lluc
1933 851 2007 906 dicto

1215 930 1374 987 obdormirit
1394 931 1460 1003 (Act.
1484 950 1536 1000 vn,
1554 935 1659 1007 51-59).
1673 937 1695 994 0
1711 939 1771 993 letis
1786 956 1912 1009 somnus,
1926 953 1953 999 et
1966 960 2009 1000 re-

1214 1022 1290 1094 quies
1314 1024 1397 1076 sera!
1419 1023 1489 1079 Ecce
1502 1024 1618 1093 quidest
1632 1029 1817 1098 requiescere,
1833 1046 1883 1101 pro
1893 1034 2007 1091 inimicis

1214 1111 1303 1170 orare.
1325 1114 1378 1170 Sed
1401 1116 1551 1184 paululum,
1572 1134 1663 1188 quaeso
1681 1132 1726 1188 te,
1744 1134 1834 1179 sancte
1852 1126 2007 1197 Stephane,

1215 1221 1318 1275 capione
1341 1206 1407 1261 mihi
1427 1207 1494 1274 hoc,
1516 1210 1607 1265 nescio
1624 1211 1705 1281 quid,
1725 1228 1807 1282 qnare
1827 1231 1875 1284 pro
1895 1226 1921 1273 te
1934 1227 2009 1276 stans

1215 1296 1307 1360 orasti,
1319 1305 1347 1353 et
1357 1313 1405 1367 pro
1416 1298 1529 1353 inimicis
1540 1315 1610 1371 genn
1621 1300 1699 1356 bristi
1709 1303 1721 1356 ‘l
1733 1304 1883 1374 Respondet
1894 1307 2008 1367 luctasse

1215 1387 1286 1458 quod
1309 1390 1480 1461 intelligimus
1495 1410 1503 1448 :
1517 1392 1570 1448 Pro
1581 1408 1625 1450 me
1637 1403 1708 1450 stans
1722 1399 1812 1464 orari,
1826 1401 1886 1469 qnia
1902 1418 1950 1471 pro
1963 1420 2008 1461 me

1215 1479 1259 1549 qni
1275 1489 1348 1535 recte
1362 1482 1416 1537 lieo
1428 1483 1524 1538 serviri
1536 1485 1618 1552 oravi,
1630 1487 1731 1542 orando
1741 1499 1768 1544 et
1778 1489 1944 1560 impetrando
1954 1511 2007 1551 non

1215 1568 1343 1625 laboravi.
1360 1571 1409 1638 Qui
1421 1588 1469 1642 pro
1481 1574 1553 1642 josto
1565 1584 1640 1641 orat,
1653 1593 1705 1632 non
1722 1579 1823 1634 laborat
1838 1599 1846 1634 ε
1862 1582 1921 1639 iden
1932 1593 2006 1641 stans

1215 1673 1265 1728 pro
1285 1676 1315 1716 se
1333 1663 1427 1717 orarit.
1443 1663 1556 1719 Ventum
1572 1677 1612 1721 est
1626 1677 1655 1722 ut
1667 1680 1755 1725 omret
1767 1686 1816 1741 pro
1827 1671 1942 1742 latinis,
1959 1692 2008 1746 pro

1215 1749 1430 1809 interlectoribus
1453 1755 1567 1823 Christi,
1592 1773 1640 1827 pro
1665 1760 1878 1820 interlectoribus
1902 1776 2008 1822 sancto·

1215 1857 1294 1909 rum,
1308 1860 1358 1915 pro
1373 1846 1563 1916 lapidatoribus
1576 1854 1649 1918 suis,
1665 1855 1778 1910 attendit
1790 1857 1897 1913 nimiam
1910 1870 1937 1914 et
1952 1876 2008 1914 ma·

1214 1949 1292 2005 gnam
1310 1952 1371 1993 csse
1394 1939 1556 2008 impietatem
1571 1942 1705 2012 ipsorum,
1720 1961 1779 2016 quur
1792 1946 1899 2003 dillicile
1912 1949 2006 2006 donari

1214 2037 1322 2098 posset,
1335 2036 1363 2084 et
1370 2044 1442 2099 genu
1453 2032 1520 2085 lixit.
1536 2033 1600 2103 Fige
1613 2050 1681 2104 genu
1697 2038 1723 2090 in
1737 2037 1786 2093 hac
1797 2041 1889 2106 vinea,
1904 2041 2009 2099 olortis

1214 2120 1337 2190 operarie
1354 2137 1360 2173 :
1377 2121 1446 2191 fige,
1463 2123 1587 2194 inquam,
1603 2140 1672 2195 genu
1684 2128 1711 2182 ia
1723 2143 1804 2199 opere
1814 2129 1893 2202 hujus
1906 2133 2007 2199 einen,

1213 2207 1357 2266 fortissime
1370 2213 1500 2282 operarie.
1516 2212 1637 2284 hlagnom
1651 2232 1718 2287 opns
1732 2229 1816 2284 tunm,
1833 2224 1968 2293 egregium
1981 2234 2009 2280 et

1214 2300 1374 2356 laudandum
1390 2304 1511 2358 multum.
1527 2305 1635 2361 linitum
1650 2310 1732 2363 altum
1744 2310 1850 2378 fodisti,
1861 2316 1906 2383 qni
1918 2315 2009 2372 odium

1213 2389 1381 2447 inimicorum
1407 2392 1440 2448 de
1466 2393 1547 2450 eorde
1571 2397 1678 2453 exuisti.
1701 2398 1831 2455 Conversi
1857 2403 1890 2457 ad
1920 2403 2010 2461 boori-

1214 2497 1295 2551 num,
1308 2491 1360 2538 ete.

1496 2618 1611 2675 senno
1624 2620 1663 2675 a·
1677 2621 1725 2695 (a).

1214 2728 1254 2784 De
1276 2747 1305 2785 ea
1325 2731 1393 2799 quod
1412 2734 1533 2805 scriptum
1552 2745 1588 2790 est
1601 2737 1626 2791 in
1639 2737 1732 2809 dqpoea
1745 2743 1884 2811 propbeta,
1899 2761 1955 2818 cap.
1972 2763 2009 2814 n,

1257 2823 1293 2893 ἲ.
1317 2824 1353 2889 9,
1378 2824 1464 2880 ileum
1479 2837 1521 2882 est
1532 2843 1645 2898 aarum,
1659 2840 1688 2886 et
1699 2846 1788 2887 meum
1804 2843 1846 2890 est
1860 2847 2008 2908 argentum.

1250 2915 1344 2970 Contra
1357 2915 1514 2974 Manichacus
1527 2920 1574 2992 (b).

1249 3026 1363 3085 CAPUT
1384 3029 1526 3086 PlllllUll.
1539 3061 1575 3074 -
1590 3033 1616 3089 l.
1628 3031 1831 3092 Manichaeorum
1856 3039 1884 3093 in
1912 3050 2005 3097 naeres

1216 3120 1781 3196 scripturaacalamuiuliedggaeopropheta
1791 3129 2008 3188 Manichaeicalu·

1214 3211 1881 3289 moiuntur,ioaidioseaccusantesquoddireritex
1895 3238 2008 3292 persona

1215 3299 1262 3355 bet
1273 3301 1415 3371 loquentis,
1430 3302 1515 3359 llcnm
1525 3315 1560 3359 est
1571 3323 1675 3371 aurunt,
1689 3318 1712 3363 et
1722 3327 1803 3365 orcum
1814 3321 1850 3366 eet
1858 3325 1990 3385 arpentum
2001 3334 2011 3371 .·

1216 3398 1243 3447 et
1266 3392 1327 3462 qnia
1347 3393 1519 3465 Euangelium
1539 3399 1622 3452 veteri
1641 3398 1704 3469 Legi
1728 3402 1835 3457 student
1858 3409 2012 3474 pugnaciter

1215 3495 1388 3553 comparare,
1410 3494 1439 3540 nt
1461 3486 1510 3541 sibi
1532 3496 1652 3556 utraeque
1670 3488 1814 3562 Scripturce
1832 3495 1903 3551 uelut
1918 3495 2012 3552 adror-

1217 3576 1297 3631 sariae
1310 3577 1503 3648 contrariaque
1516 3577 1671 3647 rideantur,
1685 3583 1719 3636 ita
1733 3596 1883 3654 proponunt
1892 3590 2012 3657 questio·

1216 3681 1278 3720 nem
1301 3683 1307 3718 :
1329 3667 1357 3722 ln
1378 3668 1492 3738 aggaeo,
1513 3669 1648 3741 inquiunt,
1666 3676 1797 3743 propbeta
1810 3676 1938 3746 scriptum
1952 3690 2010 3740 est,

1218 3754 1305 3809 tteum
1321 3766 1356 3811 est
1370 3774 1460 3811 aurum
1470 3798 1478 3823 ,
1489 3769 1514 3812 et
1525 3776 1606 3814 nteum
1620 3771 1656 3815 est
1671 3774 1801 3833 arpentum
1811 3781 1821 3831 ,·
1833 3766 1857 3818 in
1868 3766 2012 3836 Evangelio

1217 3857 1325 3914 autem,
1342 3847 1464 3904 Salvator
1477 3859 1568 3906 noster
1580 3867 1731 3907 mammona
1746 3853 1897 3922 hujusmodi
1911 3857 2009 3927 iniqui-

1216 3939 1279 3994 tatis
1297 3940 1413 4009 speeiem
1434 3941 1575 4010 appellarit
1597 3940 1671 4013 (hae.
1694 3959 1754 4007 mr,
1769 3944 1806 4017 9).
1821 3945 1859 4002 De
1872 3947 1948 4016 cuius
1963 3963 2011 4002 usn

1216 4028 1310 4083 beatm
1322 4029 1465 4097 Apostolus
1477 4029 1510 4084 ad
1522 4030 1691 4085 Timotheum
1705 4034 1826 4089 scribens
1842 4053 1848 4088 :
1862 4034 1949 4092 Radia
1962 4055 2011 4092 nn·

1218 4130 1267 4174 tem
1282 4121 1393 4174 oninium
1407 4122 1552 4189 naulorum,
1567 4121 1670 4191 inquit,
1686 4133 1721 4178 eet
1734 4126 1840 4181 maritis
1850 4143 1859 4181 .·
1871 4144 1946 4198 quum
1956 4132 2012 4198 qui·

376 4221 530 4278 Audivimus
551 4223 706 4280 sevientem
727 4219 853 4276 adversus
876 4230 1008 4288 meantes,
1028 4221 1165 4276 videamus
1217 4212 1276 4265 ditm
1295 4222 1454 4281 attelebis&
1476 4214 1557 4267 ‘wem'
1575 4223 1633 4268 *Μ
1655 4232 1671 4268 ‘⁸
1690 4215 1758 4293 fids,
1777 4227 1800 4270 θ’
1815 4217 1973 4273 imeres!
1986 4237 2013 4274 *θ

376 4313 398 4366 si
417 4311 506 4383 diligis
519 4311 660 4367 sevientes
676 4327 683 4365 :
699 4310 827 4365 saeviebas
838 4310 965 4365 adversus
978 4319 1111 4376 tacentes,
1126 4311 1165 4365 vi·
1217 4303 1347 4358 doloribus
1361 4304 1446 4358 multis
1460 4303 1482 4374 ll
1496 4302 1564 4358 Tt'm·
1578 4320 1620 4371 V¹.
1633 4305 1689 4375 to).
1702 4305 1764 4361 Haee
1774 4307 1891 4376 ipsorum
1902 4318 1943 4365 est
1953 4325 2013 4381 pro·

376 4401 620 4472 deamnssidiligis
632 4401 789 4471 lapidantes.
804 4399 832 4455 st
843 4401 912 4455 enim
926 4400 1066 4469 odisti,et
1077 4400 1165 4457 odisse
1217 4395 1496 4468 positioquaestionlst
1511 4395 1553 4450 iel
1569 4396 2011 4470 titiliuslelettlmsssrlplumum.
2119 4390 2123 4403 ⁸

377 4491 501 4561 potuisti,
524 4507 595 4546 nunc
617 4498 657 4546 est
679 4499 783 4561 tempus
806 4489 913 4561 qnando
933 4490 1080 4559 lapidaris,
1101 4499 1166 4547 tunc
1218 4501 1266 4557 per
1278 4485 1527 4556 quasEuangelium
1540 4488 1803 4556 praenuntiatumest,
1815 4505 1846 4544 ex
1859 4490 2013 4561 ipsoEvan·

378 4586 491 4640 maxime
512 4583 601 4639 odisse
623 4582 715 4639 debes.
738 4581 881 4637 Videamus
900 4581 922 4635 si
937 4582 1026 4637 reddis
1040 4580 1165 4638 duritiam
1217 4581 1287 4652 gelio
1298 4579 1368 4649 quod
1383 4595 1430 4649 per
1444 4594 1490 4634 eas
1502 4580 1707 4650 praenuntiatum
1719 4590 1773 4647 est,
1789 4584 1931 4637 accusatio.
1946 4583 2011 4638 Nam

379 4673 464 4729 cardis
477 4672 610 4743 lapidibus
623 4671 713 4738 duris,
731 4670 863 4741 lapidibus
877 4671 920 4741 qui
935 4680 960 4725 te
975 4671 1101 4741 lapidant.
1115 4670 1166 4724 La·
1218 4670 1240 4724 si
1264 4669 1438 4738 quaestionem
1461 4678 1657 4740 proponerent,
1678 4669 1787 4725 lorsitan
1802 4683 1951 4742 quaererent
1967 4692 1973 4728 :
1989 4676 2012 4732 si

381 4766 451 4834 pides
468 4766 539 4823 enim
561 4765 668 4820 mittunt
681 4764 799 4835 lapides,
812 4764 877 4819 dina
891 4762 961 4818 duri.
976 4761 1025 4831 Qui
1040 4763 1067 4818 in
1079 4762 1165 4834 lapide
1218 4770 1306 4816 autern
1322 4771 1491 4830 quererent,
1506 4760 1615 4816 lorsitan
1631 4761 1788 4817 invenirent.

383 4856 473 4930 mem
488 4854 781 4926 acceperunt,lapides
795 4856 911 4909 mittunt.
1254 4853 1281 4906 2.
1301 4852 1398 4906 Aurum
1424 4862 1446 4907 et
1470 4864 1600 4924 arpentum
1628 4870 1668 4907 res
1696 4865 1732 4908 est
1759 4872 1810 4910 aron
1837 4857 1945 4914 lamminis
1968 4860 2013 4916 sed

413 4945 525 5003 CAPUT
539 4944 573 5000 ll.
587 4974 623 4985 -
635 4946 677 5000 ll.
692 4941 826 5013 Genupiea
846 4952 901 4997 arat
914 4958 960 5012 pra
980 4942 1097 4997 inimicis.
1119 4941 1165 4997 Vi·
1223 4943 1279 4998 liei.
1303 4944 1357 4999 Cur
1376 4960 1427 4999 trun
1447 4954 1536 4999 autern
1555 4945 1646 5001 miseri
1662 4946 1820 5016 intelligunt,
1847 4949 1918 5019 quod
1943 4952 2013 5020 apud

387 5032 504 5103 tlemus,
524 5035 691 5101 charissimi,
711 5033 863 5098 rideamus,
879 5042 1030 5103 spectemus
1043 5047 1165 5104 magnum
1220 5036 1345 5106 liggaeum
1361 5036 1472 5106 loquens
1486 5035 1628 5103 Dominus,
1643 5044 1783 5106 propterea
1796 5037 1911 5105 dicerit,
1926 5039 2013 5096 tteam

389 5128 557 5194 imeneorum
573 5144 580 5180 ε
596 5135 746 5198 spectemus
762 5127 769 5156 ¹
785 5132 813 5180 et
824 5123 877 5179 dici
888 5123 1004 5180 crastino
1017 5139 1167 5193 proponen-
1220 5136 1257 5183 eat
1278 5143 1387 5191 aarum,
1409 5133 1432 5179 et
1445 5143 1527 5180 meum
1539 5135 1576 5181 ert
1589 5136 1736 5197 arpentum,
1753 5136 1781 5182 ut
1792 5137 1820 5182 et
1842 5129 1887 5184 ille
1900 5131 1945 5199 qui
1960 5147 2013 5186 nort

390 5200 451 5276 lum.
469 5216 622 5275 Videamus.
645 5218 714 5274 Ecce
726 5215 876 5287 Stephanus
890 5214 1039 5284 lapidator,
1056 5217 1091 5271 sit
1104 5230 1165 5271 con·
1219 5216 1348 5270 vulteum
1362 5214 1540 5284 indigentibus
1553 5217 1749 5273 communicare
1761 5218 1831 5285 qnod
1842 5218 1937 5285 babet,
1952 5234 2012 5277 cnm
2037 5261 2043 5277 .

391 5310 485 5370 stitutus
494 5312 570 5383 qnasi
581 5319 643 5368 ante
652 5310 744 5365 oculos
755 5317 870 5364 nostros.
881 5308 927 5363 Eia
937 5306 1168 5363 membrnmeri·
1220 5309 1293 5365 audit
1323 5315 1456 5377 praecepta
1490 5305 1617 5362 faciende
1643 5307 1856 5374 misericordiae,
1886 5309 2014 5382 intelligat

390 5401 435 5466 sti,
456 5405 496 5460 eia
517 5403 615 5460 athleta
634 5403 746 5467 Christi,
764 5401 864 5471 inspice
877 5401 949 5455 illum
964 5400 1008 5471 qui
1023 5415 1072 5470 pro
1084 5409 1109 5456 te
1122 5415 1168 5470 pe·
1223 5401 1305 5457 [teum
1316 5397 1413 5454 nonde
1426 5414 1457 5455 re
1470 5399 1540 5455 illius
1551 5399 1592 5453 cui
1607 5399 1700 5469 jubet,
1716 5399 1764 5454 sed
1778 5398 1810 5454 de
1822 5415 1853 5456 re
1863 5416 1910 5457 soa
1919 5402 2013 5472 jubere

389 5493 471 5558 pontt
489 5495 516 5549 in
534 5493 617 5564 ligno.
631 5492 841 5562 crucifigebatur
853 5490 916 5556 ille,
931 5499 959 5546 tu
973 5489 1168 5561 lapidaris.·llle
1222 5492 1333 5559 donari;
1354 5499 1381 5547 et
1401 5491 1446 5546 ille
1466 5491 1510 5562 qui
1527 5491 1626 5562 aliquid
1647 5491 1758 5562 porrigit
1777 5492 1902 5562 pauperi,
1917 5508 1969 5548 noo
1983 5510 2013 5551 se

385 5578 451 5638 linit
463 5604 469 5639 :
482 5583 577 5652 Peter,
596 5585 697 5656 iptosce
709 5585 778 5650 illie,
792 5583 851 5653 peis
863 5583 976 5637 rudunt
989 5582 1050 5651 aeid
1062 5582 1166 5653 iacient-
1222 5587 1365 5643 arbitretur
1378 5586 1411 5642 de
1421 5602 1470 5643 sno
1482 5586 1580 5656 lacere,
1592 5603 1626 5645 ne
1636 5588 1704 5644 torte
1716 5603 1768 5643 non
1780 5597 1832 5644 tam
1842 5589 2014 5644 cortitrmetnr

383 5665 426 5729 Τι’
445 5675 502 5744 illd
521 5675 605 5744 (ΜΒ.
625 5675 741 5730 ”Vllam-
758 5673 867 5729 Videam
884 5684 925 5739 ῑθ,
941 5688 975 5728 ¹¹0
988 5671 1056 5726 ‘0¹¹0
1071 5671 1169 5742 VOSSlm
1223 5679 1412 5736 miserimrdiae
1431 5681 1552 5746 nomine,
1571 5696 1651 5751 quam
1672 5681 1779 5736 inlletur
1798 5681 1927 5751 snperbia
1939 5681 2014 5736 rani·

379 5758 479 5822 inuitari
498 5767 541 5824 rel
559 5775 585 5823 te
596 5769 617 5821 ¹.
631 5768 721 5824 Primo
732 5766 825 5822 beatus
838 5764 989 5836 Stephanus
1001 5773 1073 5818 stans
1086 5763 1171 5818 oravit
1256 5791 1265 5810 ·
1281 5792 1386 5842 mnam,
1394 5799 1433 5842 es,
1448 5791 1478 5841 ,d
1492 5791 1553 5841 ,qm
1563 5792 1595 5841 cl.
1608 5792 1638 5841 ,g
1656 5791 1716 5840 duos
1727 5804 1765 5853 Ψ,
1778 5792 1807 5841 ,d
1817 5805 1861 5840 rm,
1875 5806 1899 5841 v,
1912 5797 1962 5841 tm.
1974 5798 2013 5843 p„

416 5853 428 5883 ¹
440 5860 481 5910 Poe
492 5858 546 5912 laco
556 5867 608 5910 tm.
619 5865 657 5910 tan
669 5865 696 5912 et
705 5856 856 5909 mineatum
865 5859 917 5917 us,
929 5859 1100 5920 mmectmmu.
1225 5854 1300 5905 Ulim.
1314 5856 1370 5926 Par.
1384 5871 1409 5906 er
1422 5859 1482 5908 lov.

412 5913 483 5979 {tm
495 5926 533 5972 er.
546 5929 573 5972 et
583 5928 648 5972 rasse
667 5919 775 5981 rideam,
789 5925 881 5969 teneam
898 5930 907 5968 :
926 5918 986 5980 farte
1005 5928 1101 5980 parsum
1117 5914 1172 5967 nur·-
1264 5919 1291 5976 a)
1303 5917 1380 5973 Alias,
1392 5918 1424 5968 de
1436 5919 1549 5970 Diversis
1561 5921 1598 5983 ts,
1609 5934 1704 5971 necnon
1719 5922 1749 5972 hb
1763 5920 1830 5972 irrter
1842 5921 1959 5978 bismilies
1968 5927 2009 5981 ab.

369 5975 474 6030 tereret
482 5987 516 6034 p,
1264 5976 1288 6043 hl
1300 5978 1459 6030 liecensetur
1470 5996 1483 6028 a
1495 5981 1607 6034 Panthia
1620 5987 1645 6034 ta
1659 5984 1760 6035 indiculi
1770 5988 1850 6050 rapite
1862 5987 1886 6037 Ξ.
