4759 6684
388 554 440 611 tat

388 671 453 725 nibil
472 672 573 742 potestis
600 675 682 744 [urere
705 672 792 743 (loun.
815 688 858 740 ιι,
880 673 919 745 ὃ).
944 673 1031 728 Potuit
1054 674 1180 727 Dominus

389 761 472 818 nntlta
483 764 541 818 sine
554 762 698 832 discipulis.
712 761 778 818 ribi·
792 763 913 835 discipuli
926 764 983 819 sine
995 764 1116 819 Domine.
1129 765 1179 834 Qui

322 917 324 920 y
389 856 475 922 potuit
494 853 583 908 ducere
602 865 631 907 ct
654 854 726 924 ipsos
739 856 893 923 discipulos,
909 873 961 911 non
978 857 1068 928 ntique
1080 868 1119 910 est
1133 856 1180 910 ιιι-

385 948 459 1015 jutus
473 945 506 999 ab
519 944 586 1015 ipsis
600 954 628 999 ut
643 944 741 1001 iaceret
757 947 838 1017 ipsos.
854 947 978 1018 Legimus
992 948 1178 1019 Apostolorum

387 1035 525 1099 retincula,
544 1050 674 1106 nusquam
696 1047 785 1093 autem
808 1038 921 1110 legimus
938 1036 1062 1094 arborem
1084 1038 1178 1093 abbis

386 1125 1178 1198 anetarum,aotmoriemtnnrorerranstamn.ernrannrs

381 1212 450 1289 ¹crgo
465 1220 509 1274 ubi
532 1217 630 1274 lactum
649 1220 693 1276 slt.
710 1220 768 1276 Nun
787 1221 858 1276 enim
875 1223 954 1277 rerba
969 1223 1073 1277 Domini
1085 1239 1178 1277 vacare

387 1322 539 1383 potuerunt.
554 1313 583 1370 st
598 1315 720 1370 attendas
735 1317 800 1371 istas
814 1318 924 1373 usitatas
938 1327 965 1373 et
977 1326 1053 1372 notas
1068 1318 1178 1373 arbores

385 1418 412 1463 et
427 1409 493 1465 istos
508 1420 622 1475 montes,
639 1425 691 1464 nnn
702 1417 743 1465 est
755 1410 862 1465 berum.
876 1410 905 1466 st
918 1411 1039 1465 attendas
1054 1411 1177 1466 arborem

384 1499 418 1556 dc
431 1516 483 1574 qtta
504 1500 580 1561 dixit.
596 1511 623 1556 et
645 1511 761 1556 muntem
783 1502 868 1571 ipsum
884 1503 987 1557 Domini
1003 1502 1035 1556 dc
1050 1518 1102 1572 qrm
1116 1517 1176 1571 pru·

385 1591 462 1662 pheta
476 1592 551 1655 dixit,
569 1591 626 1646 Erit
645 1593 671 1647 r'n
692 1593 833 1648 norisabuis
846 1593 933 1647 diebus
948 1594 1095 1666 rrrunisestua
1106 1609 1178 1646 mom

385 1682 489 1738 Domini
503 1681 578 1758 (lani.
594 1700 623 1748 n,
636 1684 683 1756 2):
699 1686 720 1739 si
743 1685 799 1740 brec
821 1685 952 1751 attendas,
969 1685 991 1740 si
1007 1686 1065 1739 bac
1078 1685 1176 1741 intelli·

383 1789 446 1844 ιιοιι
461 1785 488 1832 et
508 1777 605 1833 laetum
627 1787 676 1842 est,
694 1787 721 1831 et
741 1793 788 1847 per
809 1778 881 1848 ipsos
903 1777 1000 1832 lactrrm
1025 1787 1076 1832 est.
1091 1761 1177 1831 Arbo'r

383 1883 450 1938 gens
463 1867 565 1933 iudae,
576 1869 623 1925 sed
639 1870 734 1924 iterum
747 1869 817 1932 dico,
832 1870 982 1939 reprobata,
995 1884 1046 1923 non
1061 1880 1152 1922 vocata
1169 1886 1175 1920 :

384 1962 465 2015 arlmr
491 1962 546 2026 illa,
573 1978 652 2033 qnam
680 1963 957 2039 commemorarinmsJ
984 1977 1050 2032 gens
1074 1960 1174 2017 iudea.

383 2053 459 2107 Mons
473 2053 540 2108 sicut
554 2053 644 2108 docuit
656 2051 837 2123 propheticum
849 2053 1040 2119 testimonium,
1055 2053 1111 2122 ipse
1124 2052 1175 2106 Dn-

384 2145 481 2199 rniuus.
498 2145 578 2200 brida
591 2145 681 2204 arbor.
697 2161 761 2215 gens
775 2143 866 2199 ludica
881 2145 937 2198 sine
948 2143 1047 2198 lmnme
1060 2140 1173 2199 Cbristi:

384 2253 465 2298 urare,
495 2238 622 2291 ruentum
645 2237 697 2291 boc
720 2236 844 2290 omnibus
869 2235 1009 2291 Gentibus.
1033 2234 1099 2290 l'ide
1120 2235 1175 2304 jum

382 2329 526 2397 Apostolos
550 2329 689 2398 loquentes
710 2327 743 2380 arl
764 2327 886 2381 arborem
913 2325 1121 2389 arelariemlam,
1149 2334 1177 2379 ct

383 2420 518 2474 nrittentes
544 2428 661 2474 nentem
684 2419 710 2472 in
736 2433 820 2472 mare.
840 2417 996 2488 Loquuntur
1021 2415 1046 2470 in
1066 2417 1176 2471 Actibus

382 2508 569 2580 Apostolorum
589 2508 621 2570 ad
643 2508 749 2564 iudans
768 2507 981 2563 contradicentes
996 2519 1023 2562 ct
1038 2508 1118 2562 rerba
1131 2523 1176 2561 rc·

382 2598 467 2656 ritatis
480 2601 646 2666 resistentes,
662 2600 713 2656 hoc
725 2610 776 2666 est,
793 2599 853 2654 lnltn
870 2599 1008 2665 babentes,
1023 2607 1050 2653 et
1063 2597 1174 2655 iruetmn

381 2707 433 2744 nun
446 2689 585 2755 babentes,
600 2700 627 2745 et
642 2689 734 2745 dieunt
752 2689 814 2753 illis,
838 2687 912 2742 Vobis
925 2689 1033 2759 priorum
1047 2689 1175 2759 oportebat

380 2783 532 2837 anuntiare
546 2782 645 2835 rerbam
667 2780 727 2846 Dei,
745 2779 789 2834 red
808 2781 927 2850 quonium
946 2780 1072 2848 repulistis
1091 2780 1156 2834 iliud
1166 2797 1175 2833 .·

381 2870 576 2944 Prophetarum
605 2871 684 2925 rerba
712 2870 868 2941 loquimini,
896 2881 924 2924 et
950 2885 1002 2923 non
1031 2870 1175 2939 agnoscitis

379 2976 459 3031 rqoem
475 2947 686 3028 praenuntiarunt
701 2958 851 3028 Prophetae,
866 2958 916 3014 boc
931 2968 980 3024 est,
995 2957 1058 3012 lolia
1071 2958 1172 3014 baben-

381 3056 422 3105 tes
435 3066 442 3105 ι
456 3048 526 3105 Ecce
538 3051 707 3105 corruerimus
717 3067 762 3104 nos
772 3048 904 3104 addentes
915 3048 982 3123 (Act.
992 3050 1107 3123 xerat).
1119 3051 1174 3107 lloc

379 3145 451 3199 errim
466 3145 545 3198 etiarn
558 3160 605 3214 per
618 3143 774 3215 prophetam
789 3143 961 3214 predicatum
974 3151 1015 3199 est
1028 3160 1035 3196 :
1051 3142 1118 3199 Erre
1128 3161 1174 3214 po·

379 3238 417 3292 sui
432 3246 455 3291 te
472 3237 498 3291 iu
520 3238 600 3292 lucem
621 3235 748 3302 Gentiuut,
772 3243 799 3290 ut
820 3236 854 3290 sir
874 3235 944 3290 salus
963 3253 1041 3307 rtsrpre
1060 3237 1086 3290 ιἰι
1110 3239 1174 3306 prere

382 3338 455 3384 terre
465 3326 543 3397 (lsai.
559 3344 631 3392 xarx,
646 3328 684 3400 t).
696 3327 765 3384 Eece
779 3326 848 3382 aruit
860 3326 957 3394 arbor;
971 3336 998 3382 et
1008 3326 1129 3384 cbristus
1139 3329 1172 3383 ad

379 3418 489 3487 Gentes,
504 3433 581 3474 mons
596 3419 740 3476 translatus
755 3418 781 3473 iu
797 3434 881 3473 mare.
896 3419 1036 3486 Quomodo
1047 3420 1118 3475 enim
1130 3437 1173 3476 ar·

378 3511 429 3566 bor
442 3524 496 3566 uon
505 3517 638 3566 aresceret
653 3511 738 3580 posita
751 3510 777 3563 in
790 3510 877 3576 rinca,
889 3510 922 3565 de
933 3526 984 3580 qua
993 3510 1092 3567 dictum
1103 3523 1171 3580 erat,

379 3599 508 3657 floridulo
528 3600 634 3655 notiore
658 3602 720 3655 meir
741 3617 772 3655 ne
793 3600 884 3671 pluant
907 3617 982 3673 super
997 3617 1052 3655 eom
1068 3601 1172 3657 imbrem

378 3691 535 3767 (tanate

412 3786 439 3842 ὅ.
455 3783 661 3842 Maledictionum
675 3784 773 3840 arboria
792 3785 906 3856 {uturum
928 3785 1035 3856 aliquid·
1047 3789 1170 3860 prefigu-

377 3893 456 3932 rnrre.
483 3877 541 3933 lloc
567 3885 597 3931 nt
618 3877 745 3932 llominus
763 3875 963 3932 commendaret
976 3878 1128 3949 prophetice
1142 3896 1171 3937 se

378 3968 483 4035 iecisse,
497 3966 531 4023 de
543 3967 593 4023 bac
603 3968 705 4023 scilieet
718 3968 815 4023 arbore
828 3983 880 4024 nnn
896 3968 981 4023 solum
996 3969 1110 4026 soluisse
1122 3986 1170 4027 cs-

377 4059 471 4117 bibere
482 4058 650 4125 miraculum,
661 4056 709 4114 sed
725 4059 841 4114 lntnrurn
853 4058 951 4130 aliquid
963 4060 1090 4116 miraculo
1098 4078 1171 4116 com-

378 4150 536 4215 resonasse:
550 4149 631 4204 multa
652 4157 715 4204 sunt
736 4165 796 4222 quae
818 4166 867 4205 nos
881 4149 1027 4206 admonent
1042 4153 1171 4223 nobisque

377 4241 565 4314 persuadeant,
577 4241 630 4296 imo
640 4241 674 4294 ab
685 4241 775 4296 inritis
789 4251 976 4312 extorqueant.
991 4242 1092 4308 Primo,
1106 4242 1170 4314 qnid

376 4333 457 4389 arbor
469 4341 634 4404 pecearerat,
647 4332 773 4404 quoniam
785 4330 887 4388 boetus
901 4347 953 4388 nou
968 4331 1097 4389 babebat?
1110 4349 1170 4404 que

376 4426 399 4478 si
417 4440 467 4480 suo
480 4434 609 4497 tempore,
629 4422 680 4479 boc
703 4435 754 4489 est,
776 4424 880 4479 illorum
903 4439 1053 4495 pomorum,
1069 4425 1170 4480 linctus

378 4533 430 4574 ιιοιι
445 4516 568 4583 baberet,
583 4515 655 4571 nulla
669 4525 741 4572 esset
756 4516 845 4588 utiquc
865 4517 929 4588 ligni
950 4519 1042 4588 cnlpa;
1058 4519 1119 4590 quia
1140 4519 1172 4573 li·

376 4628 458 4684 goum
480 4612 538 4667 sine
559 4624 640 4666 sensu
653 4625 705 4664 ιιοιι
721 4609 836 4666 habebat
848 4610 963 4681 culpam.
981 4611 1036 4666 llnc
1056 4609 1168 4675 accedit,

377 4701 439 4774 quia
451 4701 521 4756 sicut
543 4700 569 4755 in
589 4700 642 4755 alio
656 4699 814 4770 evarrgclista
830 4698 880 4755 boc
893 4700 979 4769 ipsum
992 4709 1117 4755 narrante
1129 4701 1169 4757 lc-

375 4793 456 4863 gitttr,
472 4790 581 4861 Tentpus
603 4806 735 4862 pomorum
752 4789 854 4843 illorum
878 4805 926 4843 non
949 4800 1002 4844 erut
1018 4788 1117 4863 (liare.
1132 4807 1167 4855 ιι,

376 4884 433 4954 ta).
448 4881 477 4938 ld
497 4882 568 4938 enim
589 4889 694 4952 tempus
714 4888 782 4948 erat,
795 4896 849 4951 quo
863 4879 928 4935 deus
942 4878 1003 4935 lolia
1016 4881 1117 4951 profert
1131 4892 1170 4939 tc·

376 4990 452 5041 nera,
465 4988 525 5045 quse
540 4972 662 5028 norimus
675 4971 748 5027 nasei
763 4980 825 5027 aute
838 4969 939 5026 boetus
951 4988 957 5024 :
970 4970 1020 5026 boc
1034 4971 1095 5028 ideo
1106 4988 1166 5043 prn-

375 5068 480 5132 bamus,
491 5063 551 5135 quia
575 5062 707 5134 passionis
726 5061 833 5118 Dunrini
851 5060 909 5117 dies
923 5062 1126 5134 propinquabat,
1141 5073 1169 5119 et

374 5161 475 5216 seirnus
488 5171 542 5229 quo
557 5166 677 5228 ternpore
690 5170 784 5227 passus
797 5154 848 5220 sit;
862 5161 890 5211 et
909 5155 932 5210 si
952 5155 1003 5212 boc
1016 5173 1069 5212 nou
1081 5166 1169 5215 atten-

374 5250 509 5316 deremus,
530 5246 706 5320 Evangelistae
725 5249 816 5318 utiquc
834 5248 942 5312 dicenti,
960 5246 1020 5304 Non
1037 5261 1091 5305 erat
1105 5261 1167 5307 teru-

374 5360 421 5415 pru
439 5344 562 5414 ficorum,
577 5341 688 5397 eredere
702 5341 870 5398 deberemus.
886 5341 956 5414 Ergo
970 5342 991 5397 si
1009 5342 1165 5401 miraculum

374 5436 458 5490 lucrat
480 5429 665 5487 arntnmnmdo
688 5430 938 5492 commendandum,
954 5440 1046 5486 etnnn
1068 5434 1166 5507 aliquid

373 5525 527 5596 prophetice
548 5522 725 5594 ligurandum,
744 5522 828 5576 multo
846 5521 1003 5578 clementius
1024 5524 1163 5594 Dominus,

371 5623 399 5670 et
410 5629 457 5670 sua
471 5612 652 5669 misericordia
667 5610 782 5682 dignius,
796 5611 818 5666 si
831 5625 911 5682 quarn
924 5612 1048 5668 arborem
1061 5614 1164 5670 aridam

372 5704 512 5770 inveniret,
528 5701 640 5759 viridem
653 5700 793 5767 redderem
817 5699 887 5756 siout
909 5699 1066 5772 languentes
1086 5718 1164 5759 sana-

372 5794 419 5853 rit.
434 5795 503 5849 sicut
526 5794 646 5864 leprosas
665 5790 813 5858 mundarit,
826 5789 896 5847 sicut
915 5800 1036 5849 mortum
1048 5797 1163 5851 suseita-

371 5885 417 5939 eit.
430 5883 506 5938 Tunc
525 5899 589 5940 nero
606 5899 621 5939 a
639 5884 784 5950 contrario,
798 5884 874 5956 quasi
895 5884 1025 5943 adeamus
1043 5887 1162 5960 regulam

365 5976 517 6036 &manaa
539 5991 607 6046 nure,
628 5976 730 6032 tarenti
751 5976 874 6034 uberem
898 5978 1038 6048 nuaram,
1066 5989 1163 6052 praetor

1004 556 1036 614 S.
1057 507 1240 614 incusant
1262 556 1410 614 trtscoet

1979 557 2034 616 538

1236 681 1339 742 tempus
1357 671 1473 727 nondum
1494 675 1609 730 tractum
1625 675 1776 736 lubentem,
1792 689 1844 728 non
1870 685 1958 730 tarucu
1978 676 2034 730 bu·

1235 774 1306 817 ctum
1328 766 1453 834 agricola
1472 781 1522 821 suo
1543 776 1693 837 negantem,
1708 777 1735 822 et
1759 766 1861 821 aridam
1885 766 2034 824 lerinum·

1234 869 1313 923 qnam
1328 855 1430 911 diecret
1449 856 1559 922 bominl,
1575 856 1632 911 Non
1650 873 1693 912 me
1706 858 1815 911 ariditas
1832 857 1911 926 bajus
1925 857 2033 913 arboris

1234 944 1385 1011 delectarit,
1400 946 1446 1002 sed
1462 947 1507 1001 tibi
1522 947 1590 1002 solui
1605 948 1740 1003 insinuare
1755 950 1875 1004 nonsine
1887 964 1968 1004 causa
1981 951 2033 1007 bn'c

1234 1051 1276 1091 ute
1298 1035 1386 1092 iacere
1400 1038 1533 1105 soluisse,
1549 1039 1598 1092 nisi
1613 1039 1674 1109 quia
1691 1040 1736 1094 tibi
1750 1040 1820 1110 qnod
1835 1040 1894 1110 plus
1910 1042 2035 1097 attende·

1233 1141 1277 1182 res
1294 1128 1364 1181 rolni
1377 1129 1575 1183 ninrmendare.
1592 1128 1651 1183 Non
1665 1131 1742 1184 istam
1754 1130 1876 1186 arborem
1893 1133 2031 1202 maledixi,

1233 1236 1285 1272 nun
1298 1219 1386 1275 arbori
1398 1236 1452 1275 non
1466 1220 1589 1276 sentienti
1601 1235 1707 1291 pmnaru
1723 1220 1804 1276 indixi
1816 1239 1822 1287 ;
1835 1222 1882 1278 sed
1894 1232 1921 1278 te
1935 1224 2032 1284 terrdi.

1232 1309 1254 1362 si
1272 1308 1332 1379 quis
1350 1310 1477 1376 advertis,
1501 1320 1530 1365 ut
1548 1310 1709 1365 esurientem
1729 1308 1865 1366 Christum
1889 1328 1943 1369 non
1966 1328 2033 1368 tnn-

1233 1410 1381 1467 temneres,
1393 1411 1421 1457 et
1436 1401 1521 1457 lrnctu
1535 1403 1623 1473 potius
1635 1403 1747 1473 opimari
1760 1420 1839 1475 quom
1855 1405 2032 1462 loliisobnm·

1232 1491 1301 1545 brari
1315 1492 1461 1563 diligeres?

1267 1583 1294 1637 l.
1309 1583 1407 1655 llepuin
1424 1586 1458 1636 ad
1479 1583 1626 1655 Scripturas
1648 1587 1859 1657 interpretandas.
1876 1587 1931 1644 litte
1945 1605 2031 1644 utrum

1232 1674 1357 1745 estquod
1378 1675 1507 1732 Dominus
1521 1678 1689 1733 commendat
1712 1695 1742 1734 se
1759 1680 1857 1749 aliquid
1879 1682 2031 1753 significare

1232 1767 1357 1822 suluisse.
1372 1766 1440 1834 Quid
1463 1767 1554 1821 alind?
1566 1767 1695 1824 Esuriens
1716 1769 1819 1824 accedit
1840 1771 1873 1825 ad
1888 1773 2027 1836 arborem,

1232 1867 1259 1911 et
1285 1857 1384 1927 quaerit
1410 1873 1499 1928 poma.
1524 1858 1665 1915 Nesciebat
1686 1870 1789 1930 tempus
1808 1863 1925 1917 nondum
1948 1866 2030 1919 csse?

1230 1946 1307 2014 Quod
1325 1947 1414 2004 cultor
1434 1949 1538 2004 arboris
1552 1950 1662 2014 sciebat.
1677 1949 1789 2006 Creator
1802 1952 1906 2008 arboris
1919 1955 2030 2011 nescie-

1231 2039 1295 2095 bat?
1308 2041 1408 2109 Qrmrit
1425 2058 1489 2113 ergo
1511 2041 1625 2098 fructum
1646 2043 1672 2098 iu
1687 2044 1793 2110 arbore,
1810 2061 1889 2115 quem
1907 2048 2029 2103 nondum

1231 2131 1354 2187 babebat.
1371 2133 1482 2203 Qusnrir,
1496 2151 1529 2188 an
1546 2136 1761 2204 potiusqrmrere
1772 2151 1803 2191 sc
1818 2137 1911 2208 lingit?
1926 2137 1994 2194 Nam
2005 2141 2030 2196 si

1230 2227 1439 2296 rerequacsirit,
1463 2229 1570 2283 errarit.
1596 2226 1648 2282 Sed
1669 2227 1738 2282 absit
1762 2239 1790 2283 ut
1816 2239 1931 2286 erraret.
1955 2232 2029 2303 Ergo

1230 2317 1314 2372 linxit.
1331 2317 1439 2373 Timens
1454 2335 1487 2373 nc
1501 2320 1592 2389 lingat,
1608 2320 1743 2375 corrbteris
1756 2336 1871 2377 errasse.
1885 2324 2029 2380 aversaris

1230 2427 1358 2477 ermrem,
1377 2413 1490 2467 incurris
1505 2413 1531 2466 in
1547 2413 1696 2468 llctionem.
1714 2413 1870 2470 AEstuamus
1883 2415 1910 2469 ln
1925 2416 2026 2472 ιιιοιΙίιι.

1229 2501 1256 2556 st
1269 2512 1424 2567 aestuamus,
1445 2513 1567 2573 optenms
1591 2504 1720 2573 pluriam,
1744 2513 1774 2559 ut
1796 2506 1968 2574 virescamus,
1992 2524 2028 2563 aa

1229 2591 1329 2663 aliquid
1343 2593 1480 2663 indignum
1493 2593 1613 2648 dicentes
1624 2594 1659 2649 de
1674 2595 1798 2660 Domino,
1815 2597 1901 2667 potius
1916 2613 2029 2654 aresca-

1229 2701 1299 2740 mus.
1313 2685 1482 2756 Erangelista
1502 2686 1620 2757 quidem,
1634 2685 1717 2749 Venit,
1734 2689 1827 2758 inquit,
1844 2689 1878 2742 nd
1898 2689 2026 2756 arborem,

1228 2786 1252 2829 et
1270 2778 1381 2847 fructum
1402 2777 1428 2829 r'a
1443 2793 1473 2830 ro
1485 2793 1536 2831 uon
1550 2778 1652 2831 incenit.
1667 2775 1763 2849 Utique
1785 2796 1835 2833 non
1853 2779 1955 2848 iurarit,
1972 2797 2028 2838 nnn

1227 2865 1398 2922 dicereturde
1408 2867 1523 2933 ibunici
1533 2869 1576 2938 qui
1591 2867 1633 2923 rel
1649 2868 1739 2924 ridere
1756 2869 1969 2942 (alqrrseslrerat,
1984 2875 2028 2928 rel

1227 2973 1347 3028 quaerere
1357 2973 1387 3014 se
1400 2959 1522 3024 finxerat,
1536 2975 1616 3030 quem
1631 2960 1666 3016 ibi
1679 2976 1733 3016 non
1743 2977 1804 3017 esse
1814 2974 1933 3019 noverat.
1946 2962 2029 3022 Unde

1220 3052 1283 3103 'non
1298 3046 1461 3114 dubitamus,
1477 3061 1612 3106 errantem
1623 3052 1760 3107 Cirristum
1773 3052 1847 3108 nullo
1858 3055 1939 3111 modo
1952 3056 2030 3111 dica·

1228 3154 1297 3195 mrrs.
1313 3136 1394 3208 erid,
1405 3139 1514 3197 linxisse
1523 3140 1734 3199 dicinrusldnne
1747 3144 1798 3199 boc
1811 3144 1936 3202 dicimus?
1950 3144 2028 3216 Quo·

1219 3230 1307 3287 'modo
1332 3231 1393 3286 binc
1414 3232 1565 3288 exibimus?
1579 3234 1718 3302 Dicamus,
1733 3237 1842 3307 nequid
1857 3238 2028 3311 Euangeliou

1226 3321 1324 3378 dixerit
1332 3322 1367 3404 glo
1381 3323 1496 3379 Domino
1503 3326 1554 3381 alio
1564 3325 1632 3392 loeo,
1647 3342 1699 3381 non
1710 3328 1868 3384 auderemus
1877 3329 2029 3393 dicereeas

1226 3427 1258 3466 ex
1280 3412 1357 3468 uobis
1377 3412 1451 3483 ipsis.
1467 3414 1543 3482 Quod
1563 3411 1869 3488 Euangelista'seripsit,
1883 3419 2025 3490 dicamu53

1225 3512 1327 3561 etcum
1343 3502 1500 3570 dixerimus,
1516 3506 1705 3576 intelligamus.
1720 3507 1772 3563 Sed
1785 3519 1815 3562 ut
1826 3510 2026 3582 intelligamus,

1226 3594 1458 3664 priuscrcdamus.
1472 3595 1498 3651 N
1501 3598 1532 3650 iri
1542 3598 1612 3652 enirn
1627 3600 1794 3666 credideritis,
1806 3619 1857 3656 noa
1865 3605 2025 3678 intelligetis,

1225 3685 1455 3758 nitpropbctallr.
1467 3689 1550 3753 rn,9‚
1565 3706 1614 3743 ree.
1625 3689 1721 3761 Lxx).
1731 3692 2026 3754 l‘ostresurreetionem

1226 3775 1354 3832 Dominus
1368 3777 1490 3833 Christus
1498 3779 1650 3836 ambulabat
1661 3782 1686 3836 in
1700 3783 1740 3835 ria
1754 3797 1815 3837 eum
1826 3785 1932 3841 duobus
1943 3787 2027 3845 disci·

1226 3867 1296 3936 pulis
1304 3868 1369 3933 suis,
1381 3871 1499 3939 aquibus
1510 3870 1626 3924 nondum
1634 3871 1838 3942 agnoscebatur,
1848 3877 2026 3946 quibusvclut

1224 3962 1310 4016 viator
1324 3962 1416 4017 tertius
1427 3963 1612 4018 comitabatur.
1624 3963 1740 4019 Veretum
1754 3966 1839 4022 estad
1853 3966 1953 4037 locum,
1970 3985 2026 4041 quo

1225 4054 1262 4109 illi
1278 4055 1433 4121 tendebant,
1445 4065 1472 4111 ct
1490 4058 1527 4110 ait
1541 4057 1708 4128 Erangebsta
1721 4078 1728 4114 ε
1742 4059 1802 4122 lpse
1812 4075 1896 4115 aurem
1911 4064 2025 4132 ainaim

1224 4146 1323 4217 longius
1334 4146 1380 4200 ire.
1398 4147 1435 4200 llli
1446 4156 1534 4202 autem
1550 4150 1675 4203 tenebant
1686 4164 1748 4204 eum
1760 4167 1834 4206 neore
1848 4152 2024 4209 brrruanitntis

1224 4236 1343 4294 dicentes
1355 4239 1425 4309 qtrnd
1437 4238 1492 4309 jam
1507 4249 1715 4309 vesperasceret,
1730 4253 1855 4313 rogantes
1867 4255 1897 4299 ut
1909 4261 1972 4301 cum
1983 4250 2024 4303 eis

1224 4328 1260 4383 ibi
1282 4337 1403 4384 maneret
1415 4346 1422 4382 :
1434 4339 1574 4400 susceptus
1588 4330 1715 4401 bospitio,
1732 4331 1828 4403 frangit
1844 4351 1952 4404 panem,
1973 4339 2021 4393 be·

1224 4422 1331 4477 aedicto
1344 4431 1373 4478 et
1388 4423 1471 4477 tracto
1483 4438 1552 4493 pane
1564 4425 1744 4494 cognoscitur.
1762 4424 1819 4480 Non
1837 4442 1904 4498 ergo
1916 4428 1973 4499 jam
1987 4431 2022 4485 ti·

1224 4527 1344 4567 meamus
1356 4511 1456 4577 dicere,
1469 4512 1545 4567 bnxit
1557 4529 1688 4583 quarere,
1701 4515 1723 4568 si
1737 4515 1811 4583 finxit
1820 4533 1846 4571 re
1856 4517 1960 4589 longbu
1973 4522 2020 4576 ire.

1223 4605 1276 4661 Scd
1291 4606 1341 4659 alia
1355 4605 1468 4675 questio
1481 4605 1612 4661 oboritur.
1624 4604 1751 4662 llesterna
1767 4607 1810 4662 die
1820 4608 1866 4664 diu
1881 4626 2022 4668 commen·

1222 4695 1345 4751 darimus
1357 4695 1383 4750 in
1396 4696 1531 4766 apostolis
1545 4696 1683 4752 raritatem
1696 4696 1744 4769 (ib
1758 4700 1898 4769 quomodo
1914 4702 2022 4761 inseni-

1223 4800 1283 4841 mus
1295 4785 1322 4840 in
1338 4786 1396 4856 ipso
1412 4786 1524 4842 Domino
1539 4786 1692 4842 bctionenr?
1706 4788 1851 4845 Dicendum
1865 4807 1941 4862 crgo,
1963 4794 2021 4850 Ira·

1223 4890 1287 4949 tres,
1302 4890 1330 4937 et
1345 4882 1532 4937 insinuandum
1554 4883 1630 4938 robis
1651 4899 1700 4955 pro
1724 4885 1904 4943 mediocribus
1917 4888 2022 4944 viribus

1223 4974 1331 5041 nostris,
1346 4989 1412 5046 quas
1426 4976 1555 5031 Dominus
1567 4990 1616 5047 pra
1626 4978 1701 5033 robis
1710 4977 1793 5034 donat
1806 4979 1894 5046 nobis,
1907 4990 1935 5037 et
1945 4997 2023 5037 com

1222 5067 1401 5125 mendandum
1415 5076 1456 5123 est
1468 5068 1543 5124 robis
1556 5069 1627 5139 quod
1639 5069 1665 5124 in
1680 5071 1806 5126 omnibus
1817 5071 1966 5142 seripturis
1976 5090 2021 5130 re·

1221 5160 1348 5229 gularlter
1361 5159 1483 5215 teuertis.
1495 5159 1581 5215 Omne
1596 5161 1666 5228 quod
1681 5161 1778 5217 dicitur
1787 5165 1844 5218 stre
1860 5163 1901 5231 m,
1913 5175 1962 5220 aut
1974 5183 2023 5238 per

1221 5265 1295 5307 suam
1309 5250 1497 5320 proprietatem
1511 5250 1692 5320 cognoscitur,
1705 5261 1752 5306 ant
1771 5252 1903 5323 significat
1917 5255 2021 5327 aliquid

1221 5339 1350 5412 ligurata;
1365 5349 1410 5395 aut
1424 5350 1498 5396 certe
1513 5339 1594 5396 babet
1608 5350 1760 5412 utmmqne,
1776 5350 1805 5398 et
1819 5347 1955 5414 propriam
1970 5363 2020 5403 en—

1219 5433 1377 5504 gnitioucm,
1396 5441 1423 5488 et
1445 5433 1585 5503 bguratam
1600 5434 1831 5505 significationem.
1845 5437 1907 5493 Tria
1920 5454 2021 5510 propn-

1219 5525 1272 5589 xui,
1295 5525 1418 5595 exempla
1441 5524 1529 5580 danda
1547 5537 1619 5590 sunt,
1644 5536 1673 5583 et
1694 5528 1764 5584 unde
1791 5531 1841 5585 nisi
1860 5531 1896 5587 de
1916 5535 2020 5590 satietis

1219 5614 1384 5685 Scripturis?
1400 5616 1504 5672 Dictum
1528 5616 1600 5687 quod
1623 5620 1730 5690 proprie
1754 5621 1926 5690 accipiamus,
1955 5627 2018 5695 quia

1220 5720 1314 5775 passus
1327 5715 1369 5761 est
1384 5705 1523 5772 Dominus,
1543 5708 1603 5778 quia
1628 5712 1773 5764 resurrexit
1796 5721 1823 5767 et
1845 5714 1969 5769 ascendit
1990 5716 2027 5770 ia·

1260 5809 1286 5932 b}
1297 5815 1565 5944 iffifflssiemmo
1581 5875 1746 5947 nuthroxlme
1762 5884 1820 5950 ante
1832 5879 1906 5929 ιςιιιιιι
1918 5886 2019 5933 notatur

1218 5931 1350 5983 invasum
1363 5931 1475 5992 mdrnrlo,
1484 5946 1536 5997 mu.
1546 5935 1571 5992 9,
1584 5935 1686 5995 scilieet,
1699 5944 1747 5987 «lix
1758 5936 1860 6002 rqetotx
1870 5941 1901 5990 ad
1912 5941 2018 6005 uhtu,

1221 6013 1233 6040 ι
1245 5994 1286 6043 ubl
1298 5991 1385 6043 santus
1396 6001 1492 6046 t‘etrtrm
1504 6008 1541 6060 req
1549 5996 1672 6047 rehendit.
1685 6015 1696 6042 s
