4759 6684
426 590 481 650 wi

429 714 524 761 contra
537 713 564 761 te
586 703 707 761 Cirristus
729 716 789 757 eurr
810 699 920 771 indicio,
939 697 1066 753 discernit
1078 709 1141 751 ures
1153 707 1217 749 suas

428 799 464 854 ab
484 797 579 854 orions
592 811 645 850 non
658 793 722 848 suis.
740 791 803 859 Quare
816 801 874 846 snat
887 806 942 844 oues
966 804 1037 857 nno,
1052 786 1146 857 iuquit,
1170 801 1218 839 au·

428 889 501 942 dium
513 902 597 941 mrem
609 901 700 948 arreum,
714 892 738 938 et
751 892 938 954 regenatorum
950 878 1038 952 (donn.
1051 893 1079 946 x,
1095 877 1153 947 st).
1209 895 1213 909 ·

464 975 577 1032 CAPUT
596 974 663 1031 xltt.
677 1005 713 1016 -
724 974 767 1030 50.
786 972 858 1028 lium
870 982 957 1045 postor
973 971 1069 1035 horrus,
1088 969 1147 1039 quio
1160 966 1220 1021 honi

429 1085 515 1125 earnes
528 1069 555 1123 in
576 1085 638 1124 ouo.
659 1067 707 1124 llic
731 1065 838 1123 irrrcnio
860 1079 953 1120 omnes
965 1073 1084 1134 pastores
1096 1061 1180 1116 boum
1193 1059 1220 1114 iu

429 1177 483 1217 ιιιιο
496 1171 611 1231 pastore.
623 1158 682 1217 Nou
696 1161 767 1216 enim
777 1175 839 1214 rere
850 1167 970 1229 pastores
979 1144 1040 1213 horti
1053 1154 1159 1223 desunt,
1172 1153 1221 1209 sed

429 1256 456 1310 in
468 1269 521 1308 nno
534 1241 604 1309 snut.
616 1252 690 1309 llulti
700 1261 771 1317 snut,
785 1252 830 1324 qui
840 1251 916 1306 dirisi
927 1258 989 1306 sunt
1001 1268 1007 1305 :
1021 1248 1063 1304 hie
1074 1262 1142 1303 unus
1153 1261 1222 1317 prac-

413 1339 551 1410 Ιιιιειιιιιι,
566 1345 626 1417 qnia
641 1345 728 1399 unitas
739 1341 950 1398 commendatur.
965 1339 1056 1411 Neque
1074 1339 1146 1395 enim
1158 1351 1222 1394 rere

429 1435 511 1491 modo
526 1436 586 1491 ideo
600 1445 722 1491 taecmur
736 1443 872 1505 pastores,
888 1441 915 1487 et
929 1431 1027 1487 dicitur
1041 1439 1144 1500 pastor,
1159 1429 1222 1501 quia

429 1539 482 1579 noo
499 1525 597 1580 inuenit
613 1510 743 1580 norutnns'
752 1523 794 1578 cui
808 1521 976 1578 commendet
989 1535 1053 1577 ures
1067 1535 1145 1587 suas;
1159 1527 1223 1574 tuuc

430 1625 518 1670 autem
534 1615 593 1670 ideo
605 1615 816 1678 corumeudarit,
833 1615 893 1684 quia
907 1613 1014 1692 Petrum
1029 1612 1151 1667 invenit:
1168 1610 1223 1665 imo

431 1720 494 1758 reru
517 1714 543 1760 et
563 1706 591 1761 ιιι
605 1707 662 1774 ipso
676 1705 755 1760 Petro
773 1708 901 1760 uanitatem
922 1701 1126 1759 commendauit.
1148 1700 1223 1756 liniti

430 1805 506 1848 ruant
520 1796 649 1864 Apostoli,
666 1804 693 1850 et
706 1795 749 1849 ιιιιι
765 1794 872 1859 dicitur,
888 1792 969 1847 Parce
981 1808 1038 1847 ouer
1051 1807 1129 1846 mers.
1147 1791 1224 1847 hltsit

432 1893 460 1938 nt
472 1884 559 1939 ‹lesiut
569 1884 650 1939 modo
660 1884 722 1939 linui
737 1893 870 1955 pastores:
884 1884 980 1939 absita
994 1884 1071 1938 nohis
1082 1891 1116 1938 ut¹
1124 1883 1222 1950 desint,

431 1973 500 2027 alisit
516 1988 530 2025 a
548 1974 727 2029 misericordia
743 1975 841 2044 ipsius,
859 1983 886 2028 ut
899 1989 952 2030 uun
969 1987 1016 2028 eus
1034 1971 1124 2043 gignat
1143 1981 1224 2042 atque

431 2065 585 2119 constituat.
601 2064 695 2135 Utique
714 2066 736 2119 si
756 2074 817 2119 sum
837 2065 912 2119 bouae
936 2079 1014 2129 oues,
1036 2069 1143 2118 suntet
1162 2062 1224 2116 boni

434 2163 571 2223 pastores:
594 2170 654 2208 nam
674 2154 796 2210 debonis
815 2156 910 2209 ouibus
934 2153 998 2208 uarat
1011 2153 1073 2208 honi
1093 2160 1222 2223 pastores.

432 2243 485 2299 Sed
497 2259 591 2299 nutries
604 2245 665 2298 horai
677 2260 796 2314 pasores
807 2246 832 2299 iu
847 2261 899 2300 uuo
912 2252 990 2312 surrt,
1005 2259 1087 2300 nuum
1100 2253 1171 2300 suut.
1184 2245 1225 2301 illi

433 2346 543 2406 mserum
555 2378 562 2402 ,
576 2336 697 2391 Clnistus
715 2335 878 2406 nosnullo·
897 2338 968 2392 enim
984 2351 1076 2392 uocem
1093 2351 1169 2391 suam
1182 2336 1224 2392 di·

432 2434 495 2481 ennt
509 2426 585 2480 amici
599 2427 699 2496 sponsi,
714 2426 759 2481 scd
773 2426 869 2497 gaudio
882 2426 996 2497 gaudent
1010 2436 1117 2498 propter
1131 2441 1224 2482 uocem

434 2518 535 2586 sponsi.
552 2517 621 2571 idem
636 2519 718 2588 ergo¹
736 2519 792 2588 ipse
806 2519 898 2588 pascit,
913 2533 973 2572 eum
989 2518 1037 2588 ipsi
1054 2528 1182 2588 pascum:
1198 2526 1226 2573 ct

433 2607 513 2669 dicit.
529 2608 585 2680 Ego
606 2624 702 2679 paoem
730 2611 791 2678 «paria
813 2610 839 2663 in
860 2610 912 2664 illis
932 2626 982 2663 vox
1002 2610 1105 2679 ipsius,
1126 2611 1151 2663 iu
1173 2609 1226 2664 iilis

432 2698 548 2752 charitas
563 2699 654 2768 ipsius.
671 2698 735 2753 llam
751 2709 776 2753 ct
789 2700 874 2768 ipsum
890 2700 995 2754 Pctrum
1007 2741 1014 2764 ,
1028 2700 1069 2753 eui
1087 2714 1225 2755 commen·

432 2786 511 2842 thahat
524 2790 535 2820 ²
547 2802 611 2841 ‹iucs
624 2803 685 2842 snas
697 2789 773 2858 quasi
787 2789 854 2842 alter
873 2789 965 2855 alteri,
979 2804 1060 2843 ιιιιιιιιι
1078 2803 1169 2843 seeum
1184 2789 1225 2843 ra-

431 2893 493 2934 rere
506 2880 621 2946 uolebat,
633 2889 662 2934 ut
673 2881 712 2935 sie
720 2880 744 2936 ei
760 2896 824 2935 ores
833 2881 1031 2937 commendaret
1042 2899 1048 2946 ;
1061 2891 1089 2937 ut
1100 2889 1172 2938 esset
1181 2883 1226 2938 ille

432 2980 521 3040 eaput,
537 2971 582 3027 ilie
591 2970 700 3042 figuram
713 2973 832 3042 eorporis
845 2981 971 3042 portaret,
984 2972 1010 3027 id
1024 2983 1075 3041 est,
1087 2973 1224 3040 Ecclesiae,

432 3071 459 3118 ct
469 3069 593 3132 tanquam
604 3077 717 3134 sponsus
726 3073 752 3119 ct
762 3079 858 3133 sponsa
870 3075 958 3119 essent
969 3066 1022 3119 dam
1033 3067 1058 3119 in
1070 3080 1150 3121 came
1161 3082 1224 3122 tina.

434 3151 548 3209 Proinde
559 3162 585 3208 ut
599 3168 662 3209 ores
674 3155 890 3217 commendaret,
906 3155 968 3227 rprid
980 3158 1004 3212 ci
1020 3158 1093 3228 prius
1107 3157 1180 3225 dicit,
1191 3173 1226 3213 ne

432 3245 469 3299 illi
483 3254 606 3317 tauquam
617 3247 693 3300 alteri
706 3246 925 3302 commendaret?
939 3245 1025 3315 Perre,
1037 3264 1107 3303 oritur
1120 3249 1178 3303 mel
1192 3247 1226 3304 Et

432 3335 588 3405 respoudit:
603 3336 676 3390 Amo'.
693 3336 727 3391 Et
738 3336 832 3391 itertuu
846 3355 852 3391 :
868 3338 944 3392 durus
954 3339 1014 3392 arte?
1027 3338 1062 3393 Et
1072 3334 1224 3409 respoudit:

433 3425 507 3480 Amo.
524 3426 556 3480 Et
569 3427 665 3483 tertio:
681 3428 759 3481 dorm
771 3428 831 3482 nie?
844 3428 873 3483 Et
896 3429 1032 3500 respondit
1044 3425 1141 3485 :Amo¹
1155 3431 1226 3485 Cou-

433 3513 522 3570 tlrmat
533 3515 688 3571 charitatem
700 3517 720 3582 ⁸,
730 3527 758 3572 ut
774 3518 920 3574 consolidet
934 3519 1070 3575 unitatem.
1086 3520 1144 3591 lpse
1162 3536 1226 3592 ergo

434 3608 518 3677 pascit
534 3623 602 3662 urrais
617 3609 642 3661 in
657 3607 707 3672 luis,
725 3596 792 3663 ethi
806 3609 833 3663 in
849 3625 919 3676 ιιιιος
934 3618 960 3665 et
976 3620 1076 3666 tacetur
1090 3612 1124 3667 de
1138 3623 1227 3682 pasto·

435 3696 510 3752 rihus
524 3715 532 3752 ε
552 3698 598 3754 sed
612 3714 665 3752 non
677 3707 788 3753 tacctnr.
804 3698 958 3754 Gloriantur
971 3711 1107 3772 pastores:
1120 3703 1166 3758 sed
1181 3703 1226 3774 qui

432 3790 578 3860 gloriatur,
599 3791 624 3846 iu
641 3792 752 3847 llomiuo
767 3791 903 3862 glorietur.
918 3792 974 3849 lloc
993 3803 1035 3850 est
1055 3793 1163 3850 Christo
1180 3811 1227 3864 pa·

432 3894 529 3945 scrire,
554 3880 605 3937 hoc
624 3892 666 3937 est
686 3881 713 3938 in
734 3882 839 3938 Christo
861 3892 1026 3955 pascerem
1047 3901 1106 3939 enm
1121 3885 1227 3942 Christo

434 3987 543 4041 pascere
557 3971 583 4037 ⁸,
598 3981 695 4043 practer
708 3973 843 4029 Christum
863 3975 913 4030 siin
927 3991 981 4030 utin
996 3990 1113 4047 pascere.
1133 3977 1227 4049 licque

434 4080 499 4120 reno
513 4066 599 4137 luopia
613 4074 760 4136 pasturum,
775 4075 900 4136 tauquam
913 4067 962 4122 ista
977 4067 1062 4122 lutura
1075 4068 1143 4122 mala
1160 4076 1227 4125 tem

436 4171 501 4226 pora
525 4156 656 4228 Propheta
682 4158 855 4227 praedicaret,
873 4158 955 4224 dinit,
973 4158 1028 4230 Ego
1050 4177 1152 4231 pascum
1171 4177 1227 4216 ouer

433 4264 517 4312 naem,
539 4263 591 4304 ιιοιι
607 4247 692 4304 habeo
709 4249 751 4305 eni
771 4249 966 4305 commendem.
982 4249 1067 4305 Etiam
1088 4264 1147 4305 cnm
1171 4252 1227 4322 ipse

434 4337 529 4394 Petrus
543 4327 615 4401 erat,
631 4348 658 4394 et
669 4355 729 4394 enm
744 4339 830 4394 adhuc
845 4339 893 4409 ipsi
908 4340 1026 4410 Apostoli
1043 4352 1119 4397 eraut
1135 4341 1161 4395 in
1178 4343 1228 4398 hac

434 4443 530 4491 carue,
546 4438 573 4484 et
587 4431 612 4483 iu
628 4429 677 4485 hae
692 4430 755 4496 rim,
773 4439 835 4485 turm
855 4430 892 4486 ait
904 4431 949 4486 ilie
963 4446 1049 4499 unus,
1066 4433 1092 4486 in
1107 4448 1159 4502 quo
1174 4450 1227 4488 mm

434 4534 529 4575 «ornnes
542 4535 641 4575 utinm:
658 4520 747 4575 liabeo
759 4522 824 4576 ulios
838 4539 908 4590 oster,
922 4539 978 4592 que
1000 4539 1049 4577 uon
1063 4534 1121 4578 antu
1135 4526 1166 4578 de
1181 4526 1228 4579 lanc

435 4610 515 4674 erili:
529 4619 625 4681 oportet
644 4625 684 4663 me
700 4620 723 4663 et
742 4626 784 4664 rus
796 4611 937 4677 adducere,
954 4622 980 4666 ιιι
999 4614 1032 4667 ιιι
1045 4630 1108 4670 uurts
1128 4625 1228 4686 grenat

436 4706 501 4751 rtrrnr
524 4707 608 4767 pudor
629 4696 708 4768 (told.
723 4699 778 4769 iti).
794 4700 853 4754 Sint
872 4716 936 4770 ergo
959 4718 1052 4757 omncs
1075 4705 1100 4758 iu
1122 4714 1228 4774 pastore

437 4802 508 4855 ιιιιο,
530 4797 557 4844 et
578 4788 667 4843 dicant
681 4805 773 4844 rocem
789 4791 901 4860 pastoris
915 4807 1011 4858 unam,
1026 4809 1104 4863 quam
1119 4796 1228 4849 audiant

435 4895 517 4945 ores,
531 4888 558 4935 et
571 4886 715 4950 sequnntur
728 4891 860 4951 pastorem
873 4898 962 4948 suum,
978 4892 1004 4937 et
1018 4899 1071 4937 uon
1084 4885 1168 4948 illum,
1181 4865 1228 4940 ant

437 4972 525 5034 illum,
540 4970 586 5026 sed
602 4984 704 5026 unum:
723 4980 750 5025 et
764 4987 856 5026 nutries
870 4973 895 5026 in
911 4972 956 5027 illo
975 4988 1054 5028 tinam
1077 4989 1168 5030 rocem
1184 4975 1227 5031 di·

436 5071 509 5127 cant,
524 5063 642 5119 diuersas
650 5078 730 5119 uoces
742 5080 793 5118 unu
805 5064 928 5120 lrabeaut.
941 5063 1049 5120 onaan
1061 5081 1113 5133 uos,
1123 5066 1225 5137 fratrer,

436 5165 465 5208 ιιι
478 5152 588 5222 idipsum
601 5153 691 5208 dicatis
703 5169 797 5221 omna,
811 5166 834 5208 et
849 5172 898 5210 non
913 5157 962 5210 sirit
975 5155 1002 5210 iu
1014 5155 1081 5211 coiis
1093 5157 1228 5212 schismata

437 5244 459 5314 (Ι
474 5244 532 5299 Cor.
549 5261 580 5311 x,
594 5245 649 5314 ro).
661 5244 735 5300 lione
756 5225 848 5301 rocem
862 5247 1003 5317 eliquatam
1016 5247 1049 5302 ab
1070 5248 1142 5302 omni
1156 5248 1230 5303 sehi-

436 5346 539 5402 smate,
563 5346 701 5408 purgatam
720 5335 755 5390 ah
771 5337 844 5393 omui
862 5339 972 5406 lucrosi,
986 5339 1095 5396 audiant
1108 5355 1187 5408 ores,
1202 5351 1229 5398 et

375 5474 379 5486 ·
472 5470 479 5500 ¹
494 5477 543 5518 um.
556 5484 583 5520 et
593 5468 677 5532 piures
688 5478 751 5531 tra,
763 5468 818 5537 ideo
827 5485 893 5538 ergo.

467 5535 478 5562 ¹
489 5532 533 5581 sie.
546 5539 598 5580 ttss.
610 5531 669 5580 editi
679 5543 748 5589 reru,
760 5532 940 5584 commuue
951 5532 1022 5584 Paulo
1038 5535 1229 5597 postcorhelen·

435 5590 891 5653 etsumetrtcetoomonaneuume.

469 5656 479 5688 ¹
493 5658 530 5703 er.
544 5651 612 5702 utrm.
625 5659 650 5703 et
662 5657 715 5702 tor.
726 5665 732 5700 :
742 5650 872 5717 caufimrut
887 5653 1024 5707 trinitatem.
1036 5659 1073 5708 sle
1084 5659 1159 5709 etiam
1174 5667 1228 5711 uss

436 5720 542 5777 excepto
551 5713 699 5773 corbeiensi,
709 5715 751 5778 qui
761 5727 816 5764 curm
826 5723 876 5764 am.
889 5715 975 5774 habet,
988 5717 1136 5768 ctuumteru.

468 5776 525 5824 ler.
536 5788 592 5826 eum
608 5774 699 5838 aliquot
715 5784 767 5826 ltss.
780 5783 806 5827 et
816 5775 987 5828 eamtloruad
1003 5785 1010 5828 t
1026 5785 1078 5827 mir.
1095 5788 1185 5830 1:11oe
1195 5787 1231 5832 est

436 5833 556 5887 clauum
567 5849 676 5899 parcere,
689 5835 733 5888 troc
743 5837 997 5903 acumicorum.
1009 5840 1055 5890 sed
1067 5842 1091 5890 in
1100 5842 1153 5892 istis
1163 5841 1231 5894 lituris

436 5898 568 5956 omnulmr,
583 5905 606 5947 et
621 5911 677 5948 cnut
689 5898 780 5951 ''trim
790 5913 903 5966 poscere,
915 5910 1076 5965 roremquam
1091 5903 1155 5966 qnod
1167 5905 1229 5966 spond

437 5960 474 6006 rr.
485 5956 559 6006 deest
569 5958 701 6017 rismum
710 5959 777 6012 een
785 5960 878 6015 christo
888 5976 994 6028 pascere.
1002 5965 1044 6016 ttic
1055 5965 1079 6015 iu
1088 5965 1229 6017 canerem

436 6022 478 6068 ιιι.
491 6018 780 6083 corrumpundum.

1041 587 1069 642 S.
1086 578 1269 640 ,tttustttt
1285 579 1437 637 uniscunt

2012 577 2069 639 δᾶ

1271 702 1416 761 sequantur
1439 703 1571 765 pastorem
1590 708 1671 750 suum·
1686 693 1836 762 dicentem,
1852 691 1918 759 Qrtoe
1930 701 1990 750 tut
2009 708 2069 751 orn

1271 799 1350 850 mec,
1366 801 1450 838 uocem
1463 788 1673 854 oreomcndirmt,
1687 795 1861 857 eloquuntur
1872 802 1922 841 ttte.

1307 876 1351 931 hl.
1373 875 1514 933 Donatista
1533 878 1676 934 catholicos
1699 894 1780 934 orne
1800 879 2069 952 ceumrsrdonerrpei«

1272 962 1338 1020 iant.
1360 966 1426 1022 Nam
1455 969 1494 1022 ris
1519 984 1607 1035 nosse,
1631 968 1775 1035 heretice,
1790 986 1869 1042 quam
1888 986 1943 1026 uon
1966 972 2069 1033 habu

1272 1073 1363 1113 rocem
1375 1058 1499 1128 pastoris,
1510 1069 1536 1114 ct
1544 1061 1691 1130 periculose
1703 1071 1729 1118 te
1738 1071 1955 1133 sequauturorcs
1966 1071 2068 1122 tectum

1273 1148 1428 1204 indumento
1446 1151 1553 1220 orium,
1569 1160 1596 1207 ct
1617 1153 1688 1207 intus
1707 1154 1797 1224 lupum
1817 1168 1940 1236 rapacem¹
1959 1155 2068 1226 (num.

1274 1254 1326 1305 ru,
1342 1239 1384 1313 ¹5)
1397 1241 1409 1293 t
1422 1241 1537 1298 drtdiaut
1556 1259 1647 1298 rocem
1662 1253 1751 1311 tuam,
1772 1245 1910 1303 uideamus
1920 1264 1955 1305 an
1967 1246 2069 1306 wion

1273 1331 1317 1386 sit.
1333 1332 1477 1389 Ecclesiam
1493 1336 1586 1405 quaerit
1599 1336 1776 1401 inllrmaoris
1795 1352 1810 1393 a
1823 1353 1905 1412 grege
1918 1341 2069 1408 alternans.

1274 1423 1396 1479 nesciens
1410 1423 1455 1479 ubi
1476 1426 1511 1480 sit
1529 1441 1612 1496 gres3
1635 1427 1797 1498 quaeritque
1815 1443 1845 1484 sc
1859 1438 1994 1502 aggreget.
2013 1425 2070 1502 qno

1273 1514 1366 1592 intret.
1381 1515 1437 1570 Ede
1449 1530 1560 1572 recma:
1576 1517 1730 1581 audianum,
1746 1535 1781 1574 an
1793 1514 1893 1592 Christi·
1906 1521 1959 1589 sit;
1974 1521 2072 1579 audia-

1274 1620 1345 1682 mus,
1362 1615 1450 1661 utrum
1465 1608 1525 1678 agni
1546 1609 1598 1676 sit,
1613 1624 1647 1663 au
1662 1608 1788 1680 perdicis.
1810 1610 1873 1666 Oris
1894 1605 1945 1667 nei
1958 1626 2069 1683 mmo

1275 1710 1352 1750 suarm
1364 1698 1459 1768 quaerit
1469 1708 1553 1768 :puta
1566 1713 1643 1754 orem
1655 1698 1689 1755 de
1699 1698 1809 1756 Oriente
1825 1702 1932 1759 venisse
1944 1703 1971 1758 iu
1995 1702 2071 1760 hiri·
2098 1699 2104 1710 '

1275 1801 1345 1852 cam,
1357 1789 1452 1858 quaerit
1461 1798 1569 1859 gregem
1580 1785 1668 1858 snum,
1681 1790 1792 1847 incurrit
1803 1792 1829 1847 in
1840 1801 1877 1859 tc,
1891 1791 1918 1848 iu
1931 1793 2069 1850 nauticun

1276 1888 1347 1933 tuam
1363 1881 1461 1935 intrare
1480 1882 1554 1947 ι·ιιΙι;
1570 1876 1748 1939 commoreris
1760 1884 1848 1955 ignota
1863 1883 1947 1953 iaeic,
1963 1885 2006 1942 rel
2020 1894 2068 1955 tu,

1276 1971 1319 2027 rel
1333 1972 1453 2027 minister
1466 1983 1542 2038 tuus,
1556 1985 1629 2030 statu
1643 1975 1684 2029 vel
1698 1973 1794 2030 sedens
1808 1975 1841 2031 ad
1852 1969 1968 2042 ¹ostium,
1984 1977 2070 2034 luter·

1273 2069 1441 2131 rogatorem
1464 2072 1627 2133 quaerentem
1646 2079 1753 2134 gregem
1774 2080 1870 2131 suum,
1886 2065 1940 2121 imo
1960 2081 2069 2138 gregum

1277 2152 1343 2207 liei:
1358 2166 1419 2208 cnm
1431 2169 1512 2225 grege
1523 2168 1572 2209 suo
1585 2155 1682 2210 intrare
1696 2155 1761 2222 ιιιιι,
1776 2155 1819 2210 uli
1831 2171 1892 2212 eum
1903 2171 1963 2214 esse
1974 2166 2068 2228 putat:

1276 2244 1391 2313 quaris,
1415 2244 1536 2315 Pogonus
1558 2261 1605 2311 es,
1629 2261 1663 2300 au
1689 2245 1882 2302 Christiannsl·
1900 2247 2069 2319 nesponuer,

1276 2333 1461 2391 Clnistiauns:
1477 2336 1534 2390 ovis
1546 2345 1587 2390 cst
1600 2339 1671 2392 euim
1686 2336 1743 2391 Dei.
1754 2336 1857 2406 Quaeris
1866 2353 1901 2393 ue
1914 2337 1981 2394 tone
1993 2348 2071 2396 cate·

1276 2423 1423 2479 cimmcnus
1450 2426 1504 2490 sit,
1526 2434 1552 2480 et
1576 2426 1658 2480 irruat
1681 2425 1861 2482 sacramentis
1873 2446 1884 2482 :-
1905 2428 2068 2498 respondet,

1277 2514 1386 2571 Fidelis.
1406 2515 1509 2582 Quaeris
1523 2517 1599 2586 cujus
1617 2518 1810 2575 communionis
1828 2519 1882 2573 sit:
1905 2522 2069 2593 respondet,

1277 2605 1439 2662 Gotlrolicus.
1456 2606 1653 2676 Christianum,
1669 2609 1785 2674 fidelem,
1801 2610 1959 2666 catholicum
1974 2627 2070 2683 repro-

1277 2697 1325 2752 bas
1338 2716 1344 2753 :
1358 2698 1402 2769 qni
1416 2708 1476 2753 snut
1488 2714 1555 2769 qnos
1570 2700 1639 2753 intus
1654 2700 1750 2755 tenes?
1763 2701 1800 2756 ltu
1813 2716 1878 2758 reru
1893 2703 2010 2772 projice,
2026 2720 2072 2762 re·

1277 2789 1370 2859 proha.
1382 2790 1403 2842 tt
1417 2800 1442 2843 te
1454 2789 1621 2858 reprobatus,
1636 2805 1650 2844 a
1663 2790 1769 2846 Christo
1780 2792 1915 2861 probatur.
1926 2793 2035 2850 Utinam
2044 2803 2071 2852 et

1278 2879 1315 2934 iili
1335 2881 1379 2949 qni
1402 2890 1464 2935 sunt
1484 2881 1552 2951 apud
1575 2892 1620 2949 te,
1644 2878 1788 2952 agnoscant
1812 2890 1848 2949 te,
1871 2892 1899 2939 et
1913 2884 1939 2939 iu
1960 2883 2071 2941 dimidio

1278 2970 1380 3048 dierum
1392 2981 1496 3026 tuorum
1510 2971 1696 3042 derelinquant
1708 2981 1743 3028 te.
1755 2972 1866 3042 Quidam
1877 2973 1972 3029 iratres
1986 2977 2071 3030 nostri

1278 3061 1404 3118 hesterno
1414 3063 1458 3119 die
1470 3064 1557 3119 ierunt
1567 3065 1600 3119 ad
1611 3065 1747 3121 basilicam
1759 3080 1869 3122 eorum:
1883 3066 1932 3122 elsi
1943 3066 1975 3121 ad
1986 3068 2072 3122 malus

1278 3153 1382 3216 iratres,
1395 3163 1482 3210 tamen
1495 3154 1528 3210 ad
1540 3155 1645 3211 iratres.
1661 3157 1808 3224 Attendite,
1822 3157 1917 3214 iratres
1928 3158 1992 3225 mei,
2006 3159 2072 3229 qnid

1278 3247 1383 3303 lartersit
1399 3251 1467 3304 inter
1480 3249 1601 3305 fiduciam
1614 3248 1747 3314 veritatis,
1761 3260 1789 3306 et
1802 3250 1923 3307 timorem
1937 3250 2071 3308 falsitatis.

1277 3339 1388 3406 Quando
1403 3342 1506 3411 aliquos
1518 3357 1610 3397 coruum
1625 3341 1653 3398 in
1666 3343 1716 3397 troc
1728 3343 1824 3413 populo
1838 3343 1992 3414 agnoscitis,
2005 3359 2074 3414 qno·

1278 3429 1358 3486 modo
1370 3431 1489 3501 gaudetis
1499 3431 1512 3485 l
1524 3431 1590 3499 Quia
1602 3434 1627 3487 in
1639 3433 1714 3488 robis
1725 3433 1769 3488 illc
1782 3442 1822 3489 est
1834 3435 1878 3503 qui
1892 3434 1986 3505 querit
2000 3435 2072 3506 quod

1278 3521 1394 3591 perierat
1419 3522 1438 3573 ¹.
1462 3522 1618 3592 Suggeritur
1640 3523 1783 3594 aliquando
1799 3522 1901 3588 nolis,
1927 3522 2025 3580 hurliet
2045 3530 2073 3580 et

1278 3609 1406 3666 discedet.
1422 3611 1453 3666 Et
1466 3627 1523 3676 uos,
1538 3614 1633 3668 hardiat
1647 3624 1674 3668 et
1687 3613 1816 3669 discedat.
1831 3614 1927 3670 Audiet
1938 3625 1965 3670 et
1978 3616 2074 3672 irride·

1278 3701 1326 3756 bit.
1341 3703 1436 3755 nonin
1459 3711 1486 3757 et
1505 3703 1621 3758 irrideat.
1646 3703 1794 3773 Aliquando
1816 3705 1910 3775 sapiet,
1930 3705 2073 3777 aliquando

1278 3800 1438 3862 cognoscet:
1452 3791 1594 3862 aliquando
1604 3780 1760 3864 relinquitur
1770 3810 1784 3847 a
1795 3795 1894 3864 pupulo
1904 3810 1953 3850 sno
1966 3813 1973 3862 ;
1985 3812 2074 3852 rema·

1279 3869 1324 3936 net
1335 3898 1394 3937 eum
1405 3885 1486 3936 corde
1499 3897 1547 3938 sno
1560 3885 1581 3946 ¹,
1594 3884 1725 3938 renuntiat
1738 3885 1821 3939 errori
1836 3899 1895 3950 suo,
1907 3885 2007 3956 gratim
2019 3885 2073 3957 agit

1280 3971 1335 4025 neo
1345 3988 1402 4025 suu.
1417 3971 1457 4026 ilii
1474 3981 1562 4026 autem
1571 3973 1652 4043 quid?
1663 3975 1711 4039 Qui
1722 3974 1806 4030 estis?
1816 3975 1958 4031 Christiani
1968 3990 2071 4032 sumus.

1278 4061 1352 4129 Nou,
1369 4061 1416 4116 sed
1430 4062 1621 4132 exploratores.
1639 4062 1672 4117 Et
1686 4063 1724 4117 illi
1737 4107 1745 4130 ,
1760 4064 1886 4119 Catholici
1900 4078 2000 4120 sumus.
2018 4065 2072 4121 Co·

1279 4154 1333 4208 nati
1353 4162 1415 4207 siant
1440 4154 1587 4225 iujruiare:
1613 4155 1723 4210 meliore
1740 4157 1852 4211 cortsiliu
1868 4157 1992 4227 poenituit
2014 4172 2072 4214 etit.

1279 4245 1365 4314 Atque
1379 4241 1479 4299 niinam
1495 4247 1532 4299 sie
1545 4247 1670 4314 poerritcat
1683 4254 1709 4299 et
1724 4245 1759 4301 ibi
1773 4261 1922 4312 remancre,
1938 4247 2074 4318 qnormdo

1279 4334 1403 4404 poerrituit
1414 4349 1461 4389 eos
1474 4335 1518 4403 qni
1532 4334 1644 4404 ingrcssi
1657 4344 1718 4389 sum
1733 4335 1868 4404 injuriare.
1888 4335 1990 4390 'laruam
2004 4348 2073 4407 turos

1280 4425 1468 4494 projecerunt?
1486 4423 1669 4492 Christianos,
1694 4426 1800 4492 lideles,
1824 4426 1978 4481 catholicas.
1999 4426 2073 4493 Quos

1279 4515 1422 4578 tenuerint,
1435 4516 1495 4569 rutilo
1507 4514 1607 4571 dicere.
1623 4514 1696 4584 Quas
1709 4515 1879 4586 projecerint,
1896 4515 1972 4571 rideo
1984 4534 1991 4568 ε
2004 4532 2073 4588 quos

1280 4606 1423 4670 insanierint,
1438 4606 1486 4675 ipsi
1500 4605 1598 4660 dicunt.

1315 4696 1360 4751 δι.
1388 4697 1574 4752 Donatistarum
1609 4684 1657 4754 ron
1686 4714 1736 4752 troo
1758 4714 1806 4752 uox
1829 4699 1946 4767 portoria.
1979 4699 2074 4754 Dicant

1279 4805 1343 4859 ergo
1363 4807 1455 4846 rocem
1475 4807 1566 4846 stram:
1582 4792 1717 4846 rideamus
1732 4806 1765 4844 an
1779 4792 1877 4848 Christi
1892 4791 1926 4845 sit
1947 4806 2016 4856 roa,
2038 4807 2072 4847 an

1280 4882 1392 4951 pastoris
1407 4883 1441 4938 sit
1458 4899 1520 4951 nor,
1536 4898 1613 4952 ipram
1631 4894 1776 4954 sequantur
1796 4901 1869 4940 ores.
1886 4885 1948 4940 Sirc
1962 4902 2010 4956 per
2023 4885 2073 4941 loo·

1281 4987 1343 5025 num
1357 4973 1389 5041 sit
1408 4989 1456 5026 ιιιιι
1473 4976 1537 5036 istu,
1552 4975 1608 5028 sire
1622 4989 1671 5043 per
1689 4975 1787 5028 attalum
1808 4974 1960 5042 lauminem,
1983 4985 2074 5032 ιιιιιιιι

1280 5064 1394 5135 pastoris
1407 5065 1441 5119 sit
1452 5081 1513 5131 rur,
1529 5067 1706 5121 attendamus.

1315 5152 1427 5209 CAPUT
1440 5152 1508 5207 xit.
1519 5184 1555 5194 -
1564 5153 1663 5220 Qaracrit
1676 5155 1797 5211 tutunus
1809 5155 1965 5222 Ecclesiam,
1976 5155 2075 5226 querit

1280 5259 1373 5299 errans
1394 5245 1547 5299 Ecclesiam.
1571 5245 1610 5299 Tu
1626 5246 1688 5316 quid
1709 5246 1797 5301 dicis?
1820 5247 1905 5301 Partis
1924 5247 2017 5302 Donati
2031 5255 2074 5302 est

1282 5334 1412 5390 Ecclesia.
1428 5335 1484 5406 Ego
1495 5350 1586 5391 rocem
1602 5336 1715 5406 pastoris
1729 5336 1843 5407 inquiro.
1859 5337 1927 5407 Lege
1942 5336 1994 5393 hoe
2007 5335 2073 5392 milri

1280 5426 1315 5484 de
1335 5427 1483 5498 Propheta,
1506 5428 1564 5499 lege
1583 5428 1648 5483 mihi
1659 5428 1692 5485 de
1710 5429 1824 5494 Psalmo,
1848 5429 1930 5484 recita
1951 5428 2016 5484 mihi
2038 5427 2075 5485 de

1281 5519 1362 5590 Lege,
1373 5521 1454 5575 recita
1462 5518 1496 5575 de
1506 5520 1656 5591 Evangelio,
1663 5521 1745 5575 recita
1757 5521 1791 5575 de
1801 5519 1938 5589 Apostoli.
1948 5518 2012 5574 inde
2023 5533 2074 5589 ego

1281 5610 1364 5666 recito
1379 5610 1524 5667 Ecclesiam
1538 5620 1594 5666 toto
1607 5612 1672 5666 urhe
1684 5611 1818 5675 diffusam,
1833 5620 1858 5666 et
1874 5611 2015 5665 bourioum
2028 5607 2074 5665 tii-

1282 5710 1402 5767 centem,
1417 5701 1482 5769 Quo
1493 5710 1552 5757 suot
1565 5717 1622 5757 orer
1635 5717 1706 5764 mete,
1720 5718 1803 5756 rorent
1818 5717 1898 5755 meniu
1910 5701 2036 5767 audiunt,
2050 5708 2073 5755 et

1282 5801 1418 5860 munitur
1434 5807 1482 5845 me.
1497 5790 1562 5859 Qua
1574 5799 1615 5847 est
1632 5805 1683 5845 ror
1696 5790 1832 5861 pastoris?
1852 5789 1885 5845 Et
1900 5790 2036 5859 ριωιιιειιη·
2047 5794 2076 5844 in

1314 5902 1403 5971 lehun
1416 5910 1520 5955 otton:
1534 5902 1894 5970 magnamnagnam
1911 5902 2075 5957 mlisiiierrt

1282 5977 1325 6058 qu}
1340 5963 1790 6093 mrigefflffienuguug‘w'ffini
1802 5968 1860 6018 editi
1873 5973 1898 6017 et
1910 5972 1962 6016 ttss

1336 6062 1343 6077 .
1380 6063 1386 6076 .
1591 6061 1600 6094 ,
1768 6064 1775 6080 .
