<?xml version="1.0" encoding="UTF-8"?>
<!DOCTYPE html PUBLIC "-//W3C//DTD XHTML 1.0 Transitional//EN"
    "http://www.w3.org/TR/xhtml1/DTD/xhtml1-transitional.dtd">
<html xmlns="http://www.w3.org/1999/xhtml" xml:lang="en" lang="en">
 <head>
  <title>
</title>
<meta http-equiv="Content-Type" content="text/html;charset=utf-8" />
  <meta name='ocr-system' content='tesseract 3.04.00' />
  <meta name='ocr-capabilities' content='ocr_page ocr_carea ocr_par ocr_line ocrx_word'/>
</head>
<body>
  <div class='ocr_page' id='page_1' title='image "./patrologiaecurs09goog/patrologiaecurs09goog_0571.png"; bbox 0 0 4759 6684; ppageno 0'>
   <div class='ocr_carea' id='block_1_1' title="bbox 365 540 435 600">
    <p class='ocr_par' dir='ltr' id='par_1_1' title="bbox 365 540 435 600">
     <span class='ocr_line' id='line_1_1' title="bbox 365 540 435 600; baseline 0 -2"><span class='ocrx_word' id='word_1_1' title='bbox 365 540 435 600; x_wconf 82' lang='lat' dir='ltr'><strong>trba</strong></span> 
     </span>
    </p>
   </div>
   <div class='ocr_carea' id='block_1_2' title="bbox 317 634 1181 5467">
    <p class='ocr_par' dir='ltr' id='par_1_2' title="bbox 317 634 1173 3573">
     <span class='ocr_line' id='line_1_2' title="bbox 365 634 1158 724; baseline -0.038 -6"><span class='ocrx_word' id='word_1_2' title='bbox 365 668 469 723; x_wconf 75' lang='lat' dir='ltr'><strong>rentur,</strong></span> <span class='ocrx_word' id='word_1_3' title='bbox 484 663 512 710; x_wconf 93' lang='lat' dir='ltr'><strong>nt</strong></span> <span class='ocrx_word' id='word_1_4' title='bbox 531 652 602 724; x_wconf 74' lang='lat' dir='ltr'><strong>truod</strong></span> <span class='ocrx_word' id='word_1_5' title='bbox 619 652 677 723; x_wconf 88' lang='lat' dir='ltr'><strong>ipso</strong></span> <span class='ocrx_word' id='word_1_6' title='bbox 694 648 793 704; x_wconf 83' lang='lat' dir='ltr'><strong>sciebat</strong></span> <span class='ocrx_word' id='word_1_7' title='bbox 812 645 849 700; x_wconf 90' lang='lat' dir='ltr'><strong>illi</strong></span> <span class='ocrx_word' id='word_1_8' title='bbox 869 643 1024 698; x_wconf 82' lang='lat' dir='ltr'><strong>interantur.</strong></span> <span class='ocrx_word' id='word_1_9' title='bbox 1041 637 1075 692; x_wconf 78' lang='lat' dir='ltr'><strong>Et</strong></span> <span class='ocrx_word' id='word_1_10' title='bbox 1087 634 1158 707; x_wconf 72' lang='lat' dir='ltr'><strong>epuod</strong></span> 
     </span>
     <span class='ocr_line' id='line_1_3' title="bbox 363 732 1158 811; baseline -0.033 -3"><span class='ocrx_word' id='word_1_11' title='bbox 363 749 495 811; x_wconf 78' lang='lat' dir='ltr'><strong>audistis,</strong></span> <span class='ocrx_word' id='word_1_12' title='bbox 512 744 604 800; x_wconf 89' lang='lat' dir='ltr'><strong>mirari</strong></span> <span class='ocrx_word' id='word_1_13' title='bbox 624 749 777 810; x_wconf 82' lang='lat' dir='ltr'><strong>empcrunt,</strong></span> <span class='ocrx_word' id='word_1_14' title='bbox 792 738 853 805; x_wconf 77' lang='lat' dir='ltr'><strong>auia</strong></span> <span class='ocrx_word' id='word_1_15' title='bbox 874 736 908 790; x_wconf 95' lang='lat' dir='ltr'><strong>de</strong></span> <span class='ocrx_word' id='word_1_16' title='bbox 924 750 954 789; x_wconf 88' lang='lat' dir='ltr'><strong>ro</strong></span> <span class='ocrx_word' id='word_1_17' title='bbox 972 732 1044 787; x_wconf 87' lang='lat' dir='ltr'><strong>clara</strong></span> <span class='ocrx_word' id='word_1_18' title='bbox 1059 739 1086 785; x_wconf 86' lang='lat' dir='ltr'><strong>ct</strong></span> <span class='ocrx_word' id='word_1_19' title='bbox 1105 739 1158 783; x_wconf 77' lang='lat' dir='ltr'><strong>hm</strong></span> 
     </span>
     <span class='ocr_line' id='line_1_4' title="bbox 363 819 1157 898; baseline -0.034 1"><span class='ocrx_word' id='word_1_20' title='bbox 363 838 507 898; x_wconf 75' lang='lat' dir='ltr'><strong>manifesta</strong></span> <span class='ocrx_word' id='word_1_21' title='bbox 519 836 592 891; x_wconf 86' lang='lat' dir='ltr'><strong>reiut</strong></span> <span class='ocrx_word' id='word_1_22' title='bbox 603 849 619 889; x_wconf 84' lang='lat' dir='ltr'><strong>a</strong></span> <span class='ocrx_word' id='word_1_23' title='bbox 629 831 765 887; x_wconf 71' lang='lat' dir='ltr'>nesciente</span> <span class='ocrx_word' id='word_1_24' title='bbox 778 826 1017 896; x_wconf 72' lang='lat' dir='ltr'><strong>interrogabantur.</strong></span> <span class='ocrx_word' id='word_1_25' title='bbox 1029 820 1067 875; x_wconf 79' lang='lat' dir='ltr'><strong>Ter</strong></span> <span class='ocrx_word' id='word_1_26' title='bbox 1078 819 1157 883; x_wconf 84' lang='lat' dir='ltr'><strong>solas,</strong></span> 
     </span>
     <span class='ocr_line' id='line_1_5' title="bbox 365 908 1160 1003; baseline -0.03 -16"><span class='ocrx_word' id='word_1_27' title='bbox 365 930 500 1003; x_wconf 83' lang='lat' dir='ltr'><strong>lnqttinnt,</strong></span> <span class='ocrx_word' id='word_1_28' title='bbox 517 925 665 997; x_wconf 76' lang='lat' dir='ltr'><strong>pereqrs&#39;etess</strong></span> <span class='ocrx_word' id='word_1_29' title='bbox 679 938 706 976; x_wconf 87' lang='lat' dir='ltr'><strong>es</strong></span> <span class='ocrx_word' id='word_1_30' title='bbox 717 919 745 974; x_wconf 88' lang='lat' dir='ltr'><strong>ies</strong></span> <span class='ocrx_word' id='word_1_31' title='bbox 757 918 914 983; x_wconf 71' lang='lat' dir='ltr'><strong>Jerusalem,</strong></span> <span class='ocrx_word' id='word_1_32' title='bbox 929 924 952 969; x_wconf 88' lang='lat' dir='ltr'><strong>et</strong></span> <span class='ocrx_word' id='word_1_33' title='bbox 965 913 1047 968; x_wconf 79' lang='lat' dir='ltr'><strong>neseis</strong></span> <span class='ocrx_word' id='word_1_34' title='bbox 1060 925 1116 983; x_wconf 78' lang='lat' dir='ltr'><strong>qam</strong></span> <span class='ocrx_word' id='word_1_35' title='bbox 1124 908 1160 963; x_wconf 83' lang='lat' dir='ltr'><strong>tat</strong></span> 
     </span>
     <span class='ocr_line' id='line_1_6' title="bbox 366 1001 1160 1101; baseline -0.033 -19"><span class='ocrx_word' id='word_1_36' title='bbox 366 1036 437 1101; x_wconf 81' lang='lat' dir='ltr'><strong>peste</strong></span> <span class='ocrx_word' id='word_1_37' title='bbox 446 1033 505 1079; x_wconf 85' lang='lat' dir='ltr'><strong>sant</strong></span> <span class='ocrx_word' id='word_1_38' title='bbox 514 1023 527 1076; x_wconf 81' lang='lat' dir='ltr'><strong>l</strong></span> <span class='ocrx_word' id='word_1_39' title='bbox 536 1024 570 1075; x_wconf 83' lang='grc' dir='ltr'>Αι</span> <span class='ocrx_word' id='word_1_40' title='bbox 580 1019 625 1073; x_wconf 91' lang='lat' dir='ltr'><strong>ille</strong></span> <span class='ocrx_word' id='word_1_41' title='bbox 638 1016 704 1072; x_wconf 81' lang='lat' dir='ltr'><strong>diait</strong></span> <span class='ocrx_word' id='word_1_42' title='bbox 717 1032 723 1068; x_wconf 94' lang='lat'><strong>:</strong></span> <span class='ocrx_word' id='word_1_43' title='bbox 738 1014 822 1079; x_wconf 76' lang='lat' dir='ltr'><strong>Quas?</strong></span> <span class='ocrx_word' id='word_1_44' title='bbox 837 1007 946 1065; x_wconf 82' lang='lat' dir='ltr'><strong>Deleses</strong></span> <span class='ocrx_word' id='word_1_45' title='bbox 959 1001 1160 1072; x_wconf 69' lang='lat' dir='ltr'><strong>diacrinomeni</strong></span> 
     </span>
     <span class='ocr_line' id='line_1_7' title="bbox 368 1093 1158 1187; baseline -0.03 -15"><span class='ocrx_word' id='word_1_46' title='bbox 368 1121 418 1185; x_wconf 73' lang='lat' dir='ltr'><strong>serit</strong></span> <span class='ocrx_word' id='word_1_47' title='bbox 437 1114 560 1187; x_wconf 86' lang='lat' dir='ltr'><strong>propheta</strong></span> <span class='ocrx_word' id='word_1_48' title='bbox 575 1118 662 1180; x_wconf 88' lang='lat' dir='ltr'><strong>potens</strong></span> <span class='ocrx_word' id='word_1_49' title='bbox 675 1109 749 1179; x_wconf 73' lang='lat' dir='ltr'><strong>seretis</strong></span> <span class='ocrx_word' id='word_1_50' title='bbox 760 1114 784 1159; x_wconf 91' lang='lat' dir='ltr'><strong>et</strong></span> <span class='ocrx_word' id='word_1_51' title='bbox 797 1104 871 1157; x_wconf 88' lang='lat' dir='ltr'><strong>dictis</strong></span> <span class='ocrx_word' id='word_1_52' title='bbox 884 1100 959 1172; x_wconf 80' lang='lat' dir='ltr'><strong>(Lac.</strong></span> <span class='ocrx_word' id='word_1_53' title='bbox 975 1112 1053 1163; x_wconf 76' lang='lat' dir='ltr'><strong>sart,</strong></span> <span class='ocrx_word' id='word_1_54' title='bbox 1068 1093 1158 1164; x_wconf 76' lang='grc'>1-19).</span> 
     </span>
     <span class='ocr_line' id='line_1_8' title="bbox 368 1185 1161 1271; baseline -0.034 -7"><span class='ocrx_word' id='word_1_55' title='bbox 368 1210 425 1265; x_wconf 90' lang='lat' dir='ltr'><strong>lloc</strong></span> <span class='ocrx_word' id='word_1_56' title='bbox 438 1216 497 1271; x_wconf 84' lang='lat' dir='ltr'><strong>ost,</strong></span> <span class='ocrx_word' id='word_1_57' title='bbox 513 1220 530 1257; x_wconf 96' lang='lat' dir='ltr'><strong>o</strong></span> <span class='ocrx_word' id='word_1_58' title='bbox 544 1198 687 1269; x_wconf 81' lang='lat' dir='ltr'><strong>discipuli?</strong></span> <span class='ocrx_word' id='word_1_59' title='bbox 701 1194 832 1265; x_wconf 76' lang='lat' dir='ltr'><strong>Propheta</strong></span> <span class='ocrx_word' id='word_1_60' title='bbox 847 1201 902 1248; x_wconf 85' lang='lat' dir='ltr'><strong>crat</strong></span> <span class='ocrx_word' id='word_1_61' title='bbox 916 1189 1054 1255; x_wconf 87' lang='lat' dir='ltr'><strong>Christus,</strong></span> <span class='ocrx_word' id='word_1_62' title='bbox 1069 1185 1161 1240; x_wconf 84' lang='lat' dir='ltr'><strong>Domi·</strong></span> 
     </span>
     <span class='ocr_line' id='line_1_9' title="bbox 367 1278 1161 1369; baseline -0.038 -11"><span class='ocrx_word' id='word_1_63' title='bbox 367 1315 420 1357; x_wconf 85' lang='lat' dir='ltr'><strong>uus</strong></span> <span class='ocrx_word' id='word_1_64' title='bbox 434 1292 642 1369; x_wconf 75' lang='lat' dir='ltr'><strong>prophetarum?</strong></span> <span class='ocrx_word' id='word_1_65' title='bbox 656 1289 743 1345; x_wconf 88' lang='lat' dir='ltr'><strong>ludici</strong></span> <span class='ocrx_word' id='word_1_66' title='bbox 758 1296 846 1342; x_wconf 84' lang='lat' dir='ltr'><strong>restro</strong></span> <span class='ocrx_word' id='word_1_67' title='bbox 858 1298 954 1340; x_wconf 84' lang='lat' dir='ltr'><strong>stotrtcn</strong></span> <span class='ocrx_word' id='word_1_68' title='bbox 968 1278 1098 1352; x_wconf 74' lang='lat' dir='ltr'><strong>preconis</strong></span> <span class='ocrx_word' id='word_1_69' title='bbox 1111 1278 1161 1330; x_wconf 90' lang='lat' dir='ltr'><strong>im·</strong></span> 
     </span>
     <span class='ocr_line' id='line_1_10' title="bbox 368 1369 1163 1465; baseline -0.031 -19"><span class='ocrx_word' id='word_1_70' title='bbox 368 1392 478 1465; x_wconf 82' lang='lat' dir='ltr'><strong>pueritie.</strong></span> <span class='ocrx_word' id='word_1_71' title='bbox 504 1386 543 1441; x_wconf 88' lang='lat' dir='ltr'><strong>hd</strong></span> <span class='ocrx_word' id='word_1_72' title='bbox 565 1385 712 1438; x_wconf 74' lang='lat' dir='ltr'><strong>alternorum</strong></span> <span class='ocrx_word' id='word_1_73' title='bbox 735 1379 816 1434; x_wconf 87' lang='lat' dir='ltr'><strong>rerba</strong></span> <span class='ocrx_word' id='word_1_74' title='bbox 837 1375 1008 1432; x_wconf 74' lang='lat' dir='ltr'><strong>devenerant.</strong></span> <span class='ocrx_word' id='word_1_75' title='bbox 1030 1369 1100 1438; x_wconf 78' lang='lat' dir='ltr'><strong>Quid</strong></span> <span class='ocrx_word' id='word_1_76' title='bbox 1122 1375 1163 1424; x_wconf 88' lang='lat' dir='ltr'><strong>est</strong></span> 
     </span>
     <span class='ocr_line' id='line_1_11' title="bbox 367 1462 1163 1552; baseline -0.029 -13"><span class='ocrx_word' id='word_1_77' title='bbox 367 1483 440 1552; x_wconf 77' lang='lat' dir='ltr'><strong>narmi</strong></span> <span class='ocrx_word' id='word_1_78' title='bbox 462 1480 533 1544; x_wconf 80' lang='lat' dir='ltr'><strong>disi,</strong></span> <span class='ocrx_word' id='word_1_79' title='bbox 549 1478 696 1531; x_wconf 80' lang='lat' dir='ltr'><strong>atterutrum</strong></span> <span class='ocrx_word' id='word_1_80' title='bbox 715 1470 814 1526; x_wconf 81' lang='lat' dir='ltr'><strong>rerba?</strong></span> <span class='ocrx_word' id='word_1_81' title='bbox 830 1468 962 1532; x_wconf 86' lang='lat' dir='ltr'><strong>lteeolitc‚</strong></span> <span class='ocrx_word' id='word_1_82' title='bbox 978 1462 1084 1535; x_wconf 83' lang='lat' dir='ltr'><strong>quarrdo</strong></span> <span class='ocrx_word' id='word_1_83' title='bbox 1105 1462 1163 1530; x_wconf 84' lang='lat' dir='ltr'><strong>ipse</strong></span> 
     </span>
     <span class='ocr_line' id='line_1_12' title="bbox 317 1553 1163 1637; baseline -0.033 -5"><span class='ocrx_word' id='word_1_84' title='bbox 317 1606 320 1611; x_wconf 94' lang='lat'>·</span> <span class='ocrx_word' id='word_1_85' title='bbox 368 1575 447 1631; x_wconf 77' lang='lat' dir='ltr'><strong>lesnes</strong></span> <span class='ocrx_word' id='word_1_86' title='bbox 461 1571 496 1626; x_wconf 90' lang='lat' dir='ltr'><strong>ait</strong></span> <span class='ocrx_word' id='word_1_87' title='bbox 507 1566 644 1637; x_wconf 78' lang='lat' dir='ltr'>discipulis</span> <span class='ocrx_word' id='word_1_88' title='bbox 655 1565 726 1628; x_wconf 88' lang='lat' dir='ltr'><strong>stris,</strong></span> <span class='ocrx_word' id='word_1_89' title='bbox 742 1563 820 1628; x_wconf 85' lang='lat' dir='ltr'><strong>Qreem</strong></span> <span class='ocrx_word' id='word_1_90' title='bbox 833 1576 871 1613; x_wconf 88' lang='lat' dir='ltr'><strong>me</strong></span> <span class='ocrx_word' id='word_1_91' title='bbox 883 1558 996 1611; x_wconf 80' lang='lat' dir='ltr'><strong>leontiam</strong></span> <span class='ocrx_word' id='word_1_92' title='bbox 1008 1570 1062 1609; x_wconf 88' lang='lat' dir='ltr'><strong>esse</strong></span> <span class='ocrx_word' id='word_1_93' title='bbox 1074 1553 1163 1607; x_wconf 87' lang='lat' dir='ltr'><strong>eliceam</strong></span> 
     </span>
     <span class='ocr_line' id='line_1_13' title="bbox 369 1643 1164 1738; baseline -0.031 -18"><span class='ocrx_word' id='word_1_94' title='bbox 369 1665 453 1738; x_wconf 71' lang='lat' dir='ltr'><strong>filiam</strong></span> <span class='ocrx_word' id='word_1_95' title='bbox 465 1659 591 1716; x_wconf 82' lang='lat' dir='ltr'><strong>leominis?</strong></span> <span class='ocrx_word' id='word_1_96' title='bbox 609 1654 806 1724; x_wconf 86' lang='lat' dir='ltr'><strong>responderunt</strong></span> <span class='ocrx_word' id='word_1_97' title='bbox 825 1650 966 1721; x_wconf 73' lang='lat' dir='ltr'><strong>opiniones</strong></span> <span class='ocrx_word' id='word_1_98' title='bbox 987 1645 1098 1701; x_wconf 88' lang='lat' dir='ltr'><strong>alienas.</strong></span> <span class='ocrx_word' id='word_1_99' title='bbox 1112 1643 1164 1696; x_wconf 78' lang='lat' dir='ltr'><strong>dlii</strong></span> 
     </span>
     <span class='ocr_line' id='line_1_14' title="bbox 369 1735 1164 1821; baseline -0.028 -12"><span class='ocrx_word' id='word_1_100' title='bbox 369 1756 459 1809; x_wconf 78' lang='lat' dir='ltr'><strong>dictent</strong></span> <span class='ocrx_word' id='word_1_101' title='bbox 472 1751 539 1821; x_wconf 88' lang='lat' dir='ltr'><strong>tpeod</strong></span> <span class='ocrx_word' id='word_1_102' title='bbox 553 1749 625 1803; x_wconf 82' lang='lat' dir='ltr'><strong>Elias</strong></span> <span class='ocrx_word' id='word_1_103' title='bbox 635 1763 679 1808; x_wconf 67' lang='grc' dir='ltr'><strong>τις</strong></span> <span class='ocrx_word' id='word_1_104' title='bbox 693 1744 750 1809; x_wconf 86' lang='lat' dir='ltr'><strong>alii,</strong></span> <span class='ocrx_word' id='word_1_105' title='bbox 761 1744 821 1815; x_wconf 84' lang='lat' dir='ltr'><strong>qaia</strong></span> <span class='ocrx_word' id='word_1_106' title='bbox 835 1741 947 1795; x_wconf 80' lang='lat' dir='ltr'><strong>loannes</strong></span> <span class='ocrx_word' id='word_1_107' title='bbox 961 1737 1095 1807; x_wconf 74' lang='lat' dir='ltr'><strong>Baptista3</strong></span> <span class='ocrx_word' id='word_1_108' title='bbox 1108 1735 1164 1799; x_wconf 89' lang='lat' dir='ltr'><strong>eslii,</strong></span> 
     </span>
     <span class='ocr_line' id='line_1_15' title="bbox 370 1827 1165 1915; baseline -0.025 -15"><span class='ocrx_word' id='word_1_109' title='bbox 370 1846 433 1915; x_wconf 78' lang='lat' dir='ltr'><strong>quia</strong></span> <span class='ocrx_word' id='word_1_110' title='bbox 445 1842 586 1906; x_wconf 76' lang='lat' dir='ltr'><strong>laccarias,</strong></span> <span class='ocrx_word' id='word_1_111' title='bbox 600 1847 643 1892; x_wconf 87' lang='grc' dir='ltr'>ιιιιι</span> <span class='ocrx_word' id='word_1_112' title='bbox 653 1854 720 1891; x_wconf 84' lang='lat' dir='ltr'><strong>anns</strong></span> <span class='ocrx_word' id='word_1_113' title='bbox 732 1852 763 1890; x_wconf 83' lang='lat' dir='ltr'><strong>ea</strong></span> <span class='ocrx_word' id='word_1_114' title='bbox 778 1833 923 1904; x_wconf 81' lang='lat' dir='ltr'><strong>Prophetis.</strong></span> <span class='ocrx_word' id='word_1_115' title='bbox 937 1829 1022 1885; x_wconf 81' lang='lat' dir='ltr'><strong>Verba</strong></span> <span class='ocrx_word' id='word_1_116' title='bbox 1037 1829 1086 1884; x_wconf 86' lang='lat' dir='ltr'><strong>ista</strong></span> <span class='ocrx_word' id='word_1_117' title='bbox 1099 1827 1165 1881; x_wconf 86' lang='lat' dir='ltr'><strong>alic-</strong></span> 
     </span>
     <span class='ocr_line' id='line_1_16' title="bbox 371 1919 1165 1996; baseline -0.025 -4"><span class='ocrx_word' id='word_1_118' title='bbox 371 1950 469 1992; x_wconf 85' lang='lat' dir='ltr'><strong>nornm</strong></span> <span class='ocrx_word' id='word_1_119' title='bbox 490 1942 584 1991; x_wconf 82' lang='lat' dir='ltr'><strong>crant.</strong></span> <span class='ocrx_word' id='word_1_120' title='bbox 600 1946 652 1985; x_wconf 90' lang='lat' dir='ltr'><strong>reon</strong></span> <span class='ocrx_word' id='word_1_121' title='bbox 668 1927 868 1996; x_wconf 83' lang='lat' dir='ltr'><strong>discipulorum.</strong></span> <span class='ocrx_word' id='word_1_122' title='bbox 883 1924 952 1979; x_wconf 84' lang='lat' dir='ltr'><strong>Ecce</strong></span> <span class='ocrx_word' id='word_1_123' title='bbox 966 1922 1000 1978; x_wconf 85' lang='lat' dir='ltr'><strong>ad</strong></span> <span class='ocrx_word' id='word_1_124' title='bbox 1015 1922 1072 1991; x_wconf 79' lang='lat' dir='ltr'><strong>ipsa</strong></span> <span class='ocrx_word' id='word_1_125' title='bbox 1085 1919 1165 1975; x_wconf 87' lang='lat' dir='ltr'><strong>rerba</strong></span> 
     </span>
     <span class='ocr_line' id='line_1_17' title="bbox 371 2013 1165 2097; baseline -0.024 -12"><span class='ocrx_word' id='word_1_126' title='bbox 371 2026 496 2097; x_wconf 83' lang='lat' dir='ltr'><strong>discipuli</strong></span> <span class='ocrx_word' id='word_1_127' title='bbox 504 2034 645 2081; x_wconf 79' lang='lat' dir='ltr'><strong>ueneratus.</strong></span> <span class='ocrx_word' id='word_1_128' title='bbox 659 2022 735 2075; x_wconf 79' lang='lat' dir='ltr'><strong>liaree</strong></span> <span class='ocrx_word' id='word_1_129' title='bbox 745 2037 804 2089; x_wconf 79' lang='lat' dir='ltr'><strong>cepo</strong></span> <span class='ocrx_word' id='word_1_130' title='bbox 816 2035 859 2073; x_wconf 88' lang='lat' dir='ltr'><strong>aas</strong></span> <span class='ocrx_word' id='word_1_131' title='bbox 868 2034 941 2083; x_wconf 84' lang='lat' dir='ltr'><strong>mrem</strong></span> <span class='ocrx_word' id='word_1_132' title='bbox 951 2030 990 2071; x_wconf 92' lang='lat' dir='ltr'><strong>me</strong></span> <span class='ocrx_word' id='word_1_133' title='bbox 1000 2032 1054 2072; x_wconf 85' lang='lat' dir='ltr'><strong>csse</strong></span> <span class='ocrx_word' id='word_1_134' title='bbox 1062 2013 1165 2069; x_wconf 79' lang='lat' dir='ltr'><strong>elicitis?</strong></span> 
     </span>
     <span class='ocr_line' id='line_1_18' title="bbox 373 2110 1165 2190; baseline -0.021 -13"><span class='ocrx_word' id='word_1_135' title='bbox 373 2117 561 2190; x_wconf 75' lang='lat' dir='ltr'><strong>Respondirtis</strong></span> <span class='ocrx_word' id='word_1_136' title='bbox 575 2115 639 2169; x_wconf 90' lang='lat' dir='ltr'><strong>mibi</strong></span> <span class='ocrx_word' id='word_1_137' title='bbox 654 2113 795 2183; x_wconf 80' lang='lat' dir='ltr'><strong>opiniones</strong></span> <span class='ocrx_word' id='word_1_138' title='bbox 815 2113 929 2176; x_wconf 85' lang='lat' dir='ltr'><strong>alienas,</strong></span> <span class='ocrx_word' id='word_1_139' title='bbox 947 2110 1026 2164; x_wconf 90' lang='lat' dir='ltr'><strong>tidem</strong></span> <span class='ocrx_word' id='word_1_140' title='bbox 1049 2116 1165 2163; x_wconf 83' lang='lat' dir='ltr'><strong>vestram</strong></span> 
     </span>
     <span class='ocr_line' id='line_1_19' title="bbox 374 2199 1166 2270; baseline -0.02 -3"><span class='ocrx_word' id='word_1_141' title='bbox 374 2211 437 2267; x_wconf 79' lang='lat' dir='ltr'><strong>solo</strong></span> <span class='ocrx_word' id='word_1_142' title='bbox 451 2208 553 2263; x_wconf 88' lang='lat' dir='ltr'><strong>auetirc.</strong></span> <span class='ocrx_word' id='word_1_143' title='bbox 570 2209 644 2261; x_wconf 82' lang='lat' dir='ltr'><strong>Tune</strong></span> <span class='ocrx_word' id='word_1_144' title='bbox 659 2206 696 2259; x_wconf 88' lang='lat' dir='ltr'><strong>ait</strong></span> <span class='ocrx_word' id='word_1_145' title='bbox 705 2205 808 2267; x_wconf 81' lang='lat' dir='ltr'><strong>Petrus,</strong></span> <span class='ocrx_word' id='word_1_146' title='bbox 818 2217 885 2257; x_wconf 83' lang='lat' dir='ltr'><strong>erana</strong></span> <span class='ocrx_word' id='word_1_147' title='bbox 896 2216 943 2270; x_wconf 85' lang='lat' dir='ltr'><strong>pro</strong></span> <span class='ocrx_word' id='word_1_148' title='bbox 956 2199 1088 2263; x_wconf 79' lang='lat' dir='ltr'><strong>orrrnibus,</strong></span> <span class='ocrx_word' id='word_1_149' title='bbox 1104 2199 1166 2267; x_wconf 82' lang='lat' dir='ltr'><strong>qaia</strong></span> 
     </span>
     <span class='ocr_line' id='line_1_20' title="bbox 374 2289 1167 2359; baseline -0.02 0"><span class='ocrx_word' id='word_1_150' title='bbox 374 2302 465 2359; x_wconf 81' lang='lat' dir='ltr'><strong>ueritas</strong></span> <span class='ocrx_word' id='word_1_151' title='bbox 474 2301 500 2354; x_wconf 90' lang='lat' dir='ltr'><strong>in</strong></span> <span class='ocrx_word' id='word_1_152' title='bbox 513 2298 638 2353; x_wconf 86' lang='lat' dir='ltr'><strong>onerrihus</strong></span> <span class='ocrx_word' id='word_1_153' title='bbox 655 2298 673 2348; x_wconf 82' lang='lat'><strong>¹:</strong></span> <span class='ocrx_word' id='word_1_154' title='bbox 685 2294 724 2349; x_wconf 78' lang='lat' dir='ltr'><strong>les</strong></span> <span class='ocrx_word' id='word_1_155' title='bbox 734 2311 759 2348; x_wconf 89' lang='lat' dir='ltr'><strong>cs</strong></span> <span class='ocrx_word' id='word_1_156' title='bbox 770 2293 883 2349; x_wconf 85' lang='lat' dir='ltr'><strong>Cleristees</strong></span> <span class='ocrx_word' id='word_1_157' title='bbox 893 2290 918 2345; x_wconf 86' lang='lat' dir='ltr'><em>F</em></span> <span class='ocrx_word' id='word_1_158' title='bbox 918 2292 977 2345; x_wconf 84' lang='lat' dir='ltr'><strong>ilites</strong></span> <span class='ocrx_word' id='word_1_159' title='bbox 986 2290 1032 2345; x_wconf 81' lang='lat' dir='ltr'><strong>bet</strong></span> <span class='ocrx_word' id='word_1_160' title='bbox 1042 2290 1097 2344; x_wconf 84' lang='lat' dir='ltr'><strong>eici.</strong></span> <span class='ocrx_word' id='word_1_161' title='bbox 1109 2289 1167 2344; x_wconf 87' lang='lat' dir='ltr'><strong>Non</strong></span> 
     </span>
     <span class='ocr_line' id='line_1_21' title="bbox 374 2381 1166 2466; baseline -0.018 -19"><span class='ocrx_word' id='word_1_162' title='bbox 374 2394 536 2466; x_wconf 69' lang='lat' dir='ltr'><strong>atticumque</strong></span> <span class='ocrx_word' id='word_1_163' title='bbox 550 2404 618 2444; x_wconf 83' lang='lat' dir='ltr'><strong>tenus</strong></span> <span class='ocrx_word' id='word_1_164' title='bbox 637 2402 670 2443; x_wconf 84' lang='lat' dir='ltr'><strong>es</strong></span> <span class='ocrx_word' id='word_1_165' title='bbox 686 2385 840 2456; x_wconf 81' lang='lat' dir='ltr'><strong>Prophetis,</strong></span> <span class='ocrx_word' id='word_1_166' title='bbox 859 2382 905 2440; x_wconf 88' lang='lat' dir='ltr'><strong>sed</strong></span> <span class='ocrx_word' id='word_1_167' title='bbox 927 2382 1012 2438; x_wconf 85' lang='lat' dir='ltr'><strong>Filius</strong></span> <span class='ocrx_word' id='word_1_168' title='bbox 1031 2381 1079 2437; x_wconf 82' lang='lat' dir='ltr'><strong>[tei</strong></span> <span class='ocrx_word' id='word_1_169' title='bbox 1096 2381 1166 2445; x_wconf 81' lang='lat' dir='ltr'><strong>riri;</strong></span> 
     </span>
     <span class='ocr_line' id='line_1_22' title="bbox 374 2470 1168 2554; baseline -0.019 -15"><span class='ocrx_word' id='word_1_170' title='bbox 374 2485 534 2554; x_wconf 69' lang='lat' dir='ltr'><strong>adimpletor</strong></span> <span class='ocrx_word' id='word_1_171' title='bbox 542 2480 744 2550; x_wconf 78' lang='lat' dir='ltr'><strong>Prophetarum,</strong></span> <span class='ocrx_word' id='word_1_172' title='bbox 753 2484 859 2532; x_wconf 87' lang='lat' dir='ltr'><strong>creator</strong></span> <span class='ocrx_word' id='word_1_173' title='bbox 869 2484 896 2530; x_wconf 89' lang='lat' dir='ltr'><strong>et</strong></span> <span class='ocrx_word' id='word_1_174' title='bbox 908 2474 1080 2544; x_wconf 69' lang='lat' dir='ltr'><strong>Angelorum.</strong></span> <span class='ocrx_word' id='word_1_175' title='bbox 1094 2470 1131 2526; x_wconf 85' lang='lat' dir='ltr'><strong>Ta</strong></span> <span class='ocrx_word' id='word_1_176' title='bbox 1142 2488 1168 2525; x_wconf 86' lang='lat' dir='ltr'><strong>es</strong></span> 
     </span>
     <span class='ocr_line' id='line_1_23' title="bbox 375 2562 1169 2638; baseline -0.021 -3"><span class='ocrx_word' id='word_1_177' title='bbox 375 2562 1169 2638; x_wconf 78' lang='lat' dir='ltr'><strong>Cleristasl&#39;e&#39;liessdeiciat.Audiritquoddecuitillumaudiro</strong></span> 
     </span>
     <span class='ocr_line' id='line_1_24' title="bbox 374 2652 1167 2729; baseline -0.019 -4"><span class='ocrx_word' id='word_1_178' title='bbox 374 2686 409 2725; x_wconf 85' lang='lat' dir='ltr'><strong>cs</strong></span> <span class='ocrx_word' id='word_1_179' title='bbox 419 2668 470 2723; x_wconf 84' lang='lat' dir='ltr'><strong>leae</strong></span> <span class='ocrx_word' id='word_1_180' title='bbox 478 2682 550 2729; x_wconf 83' lang='lat' dir='ltr'><strong>roae,</strong></span> <span class='ocrx_word' id='word_1_181' title='bbox 560 2674 587 2720; x_wconf 89' lang='lat' dir='ltr'><strong>ct</strong></span> <span class='ocrx_word' id='word_1_182' title='bbox 601 2663 645 2718; x_wconf 85' lang='lat' dir='ltr'><strong>tali</strong></span> <span class='ocrx_word' id='word_1_183' title='bbox 657 2675 730 2717; x_wconf 86' lang='lat' dir='ltr'><strong>rore.</strong></span> <span class='ocrx_word' id='word_1_184' title='bbox 743 2680 752 2712; x_wconf 90' lang='grc' dir='ltr'>ι</span> <span class='ocrx_word' id='word_1_185' title='bbox 765 2661 861 2713; x_wconf 82' lang='lat' dir='ltr'><strong>Bratns</strong></span> <span class='ocrx_word' id='word_1_186' title='bbox 872 2655 1012 2719; x_wconf 69' lang='lat' dir='ltr'><strong>assisteren</strong></span> <span class='ocrx_word' id='word_1_187' title='bbox 1023 2652 1167 2710; x_wconf 80' lang='lat' dir='ltr'><strong>liar-lona:</strong></span> 
     </span>
     <span class='ocr_line' id='line_1_25' title="bbox 351 2744 1169 2831; baseline -0.021 -17"><span class='ocrx_word' id='word_1_188' title='bbox 351 2760 439 2831; x_wconf 82' lang='lat' dir='ltr'><strong>·qnia</strong></span> <span class='ocrx_word' id='word_1_189' title='bbox 462 2774 513 2813; x_wconf 88' lang='lat' dir='ltr'><strong>non</strong></span> <span class='ocrx_word' id='word_1_190' title='bbox 533 2757 579 2811; x_wconf 88' lang='lat' dir='ltr'><strong>tihi</strong></span> <span class='ocrx_word' id='word_1_191' title='bbox 600 2754 728 2810; x_wconf 75' lang='lat' dir='ltr'><strong>revelarit</strong></span> <span class='ocrx_word' id='word_1_192' title='bbox 748 2765 811 2806; x_wconf 90' lang='lat' dir='ltr'><strong>caro</strong></span> <span class='ocrx_word' id='word_1_193' title='bbox 830 2756 859 2804; x_wconf 91' lang='lat' dir='ltr'><strong>et</strong></span> <span class='ocrx_word' id='word_1_194' title='bbox 880 2744 1066 2818; x_wconf 67' lang='lat' dir='ltr'><strong>sanguimen</strong></span> <span class='ocrx_word' id='word_1_195' title='bbox 1091 2744 1169 2799; x_wconf 82' lang='lat' dir='ltr'><strong>Pater</strong></span> 
     </span>
     <span class='ocr_line' id='line_1_26' title="bbox 377 2837 1168 2921; baseline -0.021 -14"><span class='ocrx_word' id='word_1_196' title='bbox 377 2866 454 2907; x_wconf 76' lang='lat' dir='ltr'><strong>tereus</strong></span> <span class='ocrx_word' id='word_1_197' title='bbox 466 2850 511 2921; x_wconf 77' lang='lat' dir='ltr'><strong>quei</strong></span> <span class='ocrx_word' id='word_1_198' title='bbox 526 2849 551 2902; x_wconf 92' lang='lat' dir='ltr'><strong>iu</strong></span> <span class='ocrx_word' id='word_1_199' title='bbox 565 2847 641 2903; x_wconf 72' lang='lat' dir='ltr'><strong>caelis</strong></span> <span class='ocrx_word' id='word_1_200' title='bbox 653 2853 703 2899; x_wconf 84' lang='lat' dir='ltr'><strong>cst.</strong></span> <span class='ocrx_word' id='word_1_201' title='bbox 718 2844 750 2899; x_wconf 83' lang='lat' dir='ltr'><strong>Et</strong></span> <span class='ocrx_word' id='word_1_202' title='bbox 763 2858 812 2912; x_wconf 79' lang='lat' dir='ltr'><strong>ogo</strong></span> <span class='ocrx_word' id='word_1_203' title='bbox 824 2840 884 2896; x_wconf 92' lang='lat' dir='ltr'><strong>dieo</strong></span> <span class='ocrx_word' id='word_1_204' title='bbox 894 2840 958 2906; x_wconf 93' lang='lat' dir='ltr'><strong>tibi,</strong></span> <span class='ocrx_word' id='word_1_205' title='bbox 972 2838 1011 2892; x_wconf 84' lang='lat' dir='ltr'><strong>Tu</strong></span> <span class='ocrx_word' id='word_1_206' title='bbox 1023 2852 1053 2892; x_wconf 78' lang='lat' dir='ltr'><strong>cs</strong></span> <span class='ocrx_word' id='word_1_207' title='bbox 1065 2837 1168 2898; x_wconf 81' lang='lat' dir='ltr'><strong>Petrus,</strong></span> 
     </span>
     <span class='ocr_line' id='line_1_27' title="bbox 376 2932 1170 3012; baseline -0.021 -13"><span class='ocrx_word' id='word_1_208' title='bbox 376 2952 495 3012; x_wconf 83' lang='lat' dir='ltr'><strong>etseeper</strong></span> <span class='ocrx_word' id='word_1_209' title='bbox 508 2941 575 2995; x_wconf 83' lang='lat' dir='ltr'><strong>ham</strong></span> <span class='ocrx_word' id='word_1_210' title='bbox 589 2949 688 3009; x_wconf 70' lang='lat' dir='ltr'><strong>petram</strong></span> <span class='ocrx_word' id='word_1_211' title='bbox 708 2935 845 2990; x_wconf 78' lang='lat' dir='ltr'><strong>aeditlcabo</strong></span> <span class='ocrx_word' id='word_1_212' title='bbox 858 2932 1006 2988; x_wconf 82' lang='lat' dir='ltr'><strong>Ecclesiam</strong></span> <span class='ocrx_word' id='word_1_213' title='bbox 1020 2945 1125 2990; x_wconf 77' lang='lat' dir='ltr'><strong>nicam.</strong></span> <span class='ocrx_word' id='word_1_214' title='bbox 1140 2936 1170 2982; x_wconf 90' lang='lat' dir='ltr'><strong>ot</strong></span> 
     </span>
     <span class='ocr_line' id='line_1_28' title="bbox 379 3023 1171 3109; baseline -0.02 -16"><span class='ocrx_word' id='word_1_215' title='bbox 379 3046 462 3109; x_wconf 82' lang='lat' dir='ltr'><strong>portm</strong></span> <span class='ocrx_word' id='word_1_216' title='bbox 477 3034 622 3091; x_wconf 78' lang='lat' dir='ltr'><strong>irrlrrmnm</strong></span> <span class='ocrx_word' id='word_1_217' title='bbox 638 3049 692 3088; x_wconf 93' lang='lat' dir='ltr'><strong>non</strong></span> <span class='ocrx_word' id='word_1_218' title='bbox 706 3031 814 3085; x_wconf 85' lang='lat' dir='ltr'><strong>ritteent</strong></span> <span class='ocrx_word' id='word_1_219' title='bbox 827 3044 896 3083; x_wconf 88' lang='lat' dir='ltr'><strong>carte.</strong></span> <span class='ocrx_word' id='word_1_220' title='bbox 911 3026 970 3081; x_wconf 83' lang='lat' dir='ltr'><strong>‘libi</strong></span> <span class='ocrx_word' id='word_1_221' title='bbox 993 3024 1062 3079; x_wconf 91' lang='lat' dir='ltr'><strong>daho</strong></span> <span class='ocrx_word' id='word_1_222' title='bbox 1081 3023 1171 3077; x_wconf 67' lang='lat' dir='ltr'><strong>altares</strong></span> 
     </span>
     <span class='ocr_line' id='line_1_29' title="bbox 377 3117 1172 3198; baseline -0.021 -15"><span class='ocrx_word' id='word_1_223' title='bbox 377 3128 453 3198; x_wconf 71' lang='lat' dir='ltr'><strong>regni</strong></span> <span class='ocrx_word' id='word_1_224' title='bbox 469 3128 596 3182; x_wconf 79' lang='lat' dir='ltr'><strong>cerionem</strong></span> <span class='ocrx_word' id='word_1_225' title='bbox 613 3138 659 3178; x_wconf 89' lang='lat' dir='ltr'><strong>:et</strong></span> <span class='ocrx_word' id='word_1_226' title='bbox 674 3135 847 3193; x_wconf 72' lang='lat' dir='ltr'><strong>quemcumque</strong></span> <span class='ocrx_word' id='word_1_227' title='bbox 859 3118 971 3175; x_wconf 77' lang='lat' dir='ltr'><strong>solveris</strong></span> <span class='ocrx_word' id='word_1_228' title='bbox 986 3117 1012 3171; x_wconf 90' lang='lat' dir='ltr'><strong>in</strong></span> <span class='ocrx_word' id='word_1_229' title='bbox 1026 3125 1112 3179; x_wconf 89' lang='lat' dir='ltr'><strong>terro,</strong></span> <span class='ocrx_word' id='word_1_230' title='bbox 1128 3127 1172 3167; x_wconf 86' lang='lat' dir='ltr'><strong>so-</strong></span> 
     </span>
     <span class='ocr_line' id='line_1_30' title="bbox 379 3203 1170 3282; baseline -0.02 -10"><span class='ocrx_word' id='word_1_231' title='bbox 379 3219 436 3273; x_wconf 91' lang='lat' dir='ltr'><strong>lnta</strong></span> <span class='ocrx_word' id='word_1_232' title='bbox 460 3225 539 3272; x_wconf 82' lang='lat' dir='ltr'><strong>creent</strong></span> <span class='ocrx_word' id='word_1_233' title='bbox 556 3227 582 3273; x_wconf 90' lang='lat' dir='ltr'><strong>et</strong></span> <span class='ocrx_word' id='word_1_234' title='bbox 604 3216 630 3269; x_wconf 95' lang='lat' dir='ltr'><strong>in</strong></span> <span class='ocrx_word' id='word_1_235' title='bbox 652 3215 737 3277; x_wconf 76' lang='lat' dir='ltr'><strong>conlo:</strong></span> <span class='ocrx_word' id='word_1_236' title='bbox 752 3220 780 3268; x_wconf 91' lang='lat' dir='ltr'><strong>et</strong></span> <span class='ocrx_word' id='word_1_237' title='bbox 799 3223 973 3282; x_wconf 77' lang='lat' dir='ltr'><strong>quaeritnepee</strong></span> <span class='ocrx_word' id='word_1_238' title='bbox 999 3204 1122 3276; x_wconf 77' lang='lat' dir='ltr'><strong>ligaveris</strong></span> <span class='ocrx_word' id='word_1_239' title='bbox 1144 3203 1170 3257; x_wconf 93' lang='lat' dir='ltr'><strong>iu</strong></span> 
     </span>
     <span class='ocr_line' id='line_1_31' title="bbox 379 3297 1173 3378; baseline -0.021 -13"><span class='ocrx_word' id='word_1_240' title='bbox 379 3318 466 3374; x_wconf 80' lang='lat' dir='ltr'><strong>terra,</strong></span> <span class='ocrx_word' id='word_1_241' title='bbox 481 3309 560 3378; x_wconf 79' lang='lat' dir='ltr'><strong>ligata</strong></span> <span class='ocrx_word' id='word_1_242' title='bbox 583 3315 661 3361; x_wconf 78' lang='lat' dir='ltr'><strong>eruerit</strong></span> <span class='ocrx_word' id='word_1_243' title='bbox 682 3314 709 3360; x_wconf 88' lang='lat' dir='ltr'><strong>et</strong></span> <span class='ocrx_word' id='word_1_244' title='bbox 732 3304 758 3357; x_wconf 93' lang='lat' dir='ltr'><strong>in</strong></span> <span class='ocrx_word' id='word_1_245' title='bbox 784 3302 862 3358; x_wconf 74' lang='lat' dir='ltr'><strong>cmlii.</strong></span> <span class='ocrx_word' id='word_1_246' title='bbox 882 3299 986 3354; x_wconf 74' lang='lat' dir='ltr'><strong>»Fides</strong></span> <span class='ocrx_word' id='word_1_247' title='bbox 1005 3300 1056 3352; x_wconf 84' lang='lat' dir='ltr'><strong>troc</strong></span> <span class='ocrx_word' id='word_1_248' title='bbox 1076 3297 1173 3352; x_wconf 80' lang='lat' dir='ltr'><strong>reserarit</strong></span> 
     </span>
     <span class='ocr_line' id='line_1_32' title="bbox 378 3392 1171 3471; baseline -0.023 -8"><span class='ocrx_word' id='word_1_249' title='bbox 378 3408 556 3471; x_wconf 65' lang='lat' dir='ltr'><strong>abdiraman</strong></span> <span class='ocrx_word' id='word_1_250' title='bbox 578 3405 668 3460; x_wconf 85' lang='lat' dir='ltr'><strong>lromo.</strong></span> <span class='ocrx_word' id='word_1_251' title='bbox 688 3401 755 3457; x_wconf 83' lang='lat' dir='ltr'><strong>Narra</strong></span> <span class='ocrx_word' id='word_1_252' title='bbox 778 3401 836 3469; x_wconf 84' lang='lat' dir='ltr'><strong>ipse</strong></span> <span class='ocrx_word' id='word_1_253' title='bbox 856 3398 936 3449; x_wconf 84' lang='lat' dir='ltr'><strong>leomo</strong></span> <span class='ocrx_word' id='word_1_254' title='bbox 955 3394 1017 3464; x_wconf 83' lang='lat' dir='ltr'><strong>quid</strong></span> <span class='ocrx_word' id='word_1_255' title='bbox 1032 3402 1105 3458; x_wconf 87' lang='lat' dir='ltr'><strong>cras,</strong></span> <span class='ocrx_word' id='word_1_256' title='bbox 1121 3392 1171 3446; x_wconf 84' lang='lat' dir='ltr'><strong>arisi</strong></span> 
     </span>
     <span class='ocr_line' id='line_1_33' title="bbox 378 3483 1173 3573; baseline -0.015 -24"><span class='ocrx_word' id='word_1_257' title='bbox 378 3499 450 3573; x_wconf 73' lang='lat' dir='ltr'><strong>quod</strong></span> <span class='ocrx_word' id='word_1_258' title='bbox 459 3498 495 3553; x_wconf 89' lang='lat' dir='ltr'><strong>ait</strong></span> <span class='ocrx_word' id='word_1_259' title='bbox 507 3498 637 3562; x_wconf 67' lang='lat' dir='ltr'><strong>crateuas,</strong></span> <span class='ocrx_word' id='word_1_260' title='bbox 649 3491 737 3549; x_wconf 78' lang='lat' dir='ltr'><strong>Opertis</strong></span> <span class='ocrx_word' id='word_1_261' title='bbox 747 3492 821 3544; x_wconf 86' lang='lat' dir='ltr'><strong>homo</strong></span> <span class='ocrx_word' id='word_1_262' title='bbox 832 3488 940 3543; x_wconf 78' lang='lat' dir='ltr'><strong>urendae</strong></span> <span class='ocrx_word' id='word_1_263' title='bbox 952 3484 1106 3559; x_wconf 65' lang='lat' dir='ltr'><strong>(reatem,</strong></span> <span class='ocrx_word' id='word_1_264' title='bbox 1115 3485 1142 3539; x_wconf 87' lang='lat' dir='ltr'><strong>ll</strong></span> <span class='ocrx_word' id='word_1_265' title='bbox 1149 3483 1173 3554; x_wconf 60' lang='lat' dir='ltr'><strong>l?</strong></span> 
     </span>
    </p>

    <p class='ocr_par' dir='ltr' id='par_1_3' title="bbox 378 3573 1181 5467">
     <span class='ocr_line' id='line_1_34' title="bbox 413 3573 1173 3646; baseline -0.022 -2"><span class='ocrx_word' id='word_1_266' title='bbox 413 3588 529 3645; x_wconf 79' lang='lat' dir='ltr'><strong>ctrttr</strong></span> <span class='ocrx_word' id='word_1_267' title='bbox 552 3586 595 3641; x_wconf 76' lang='lat' dir='ltr'><strong>lh&#39;.</strong></span> <span class='ocrx_word' id='word_1_268' title='bbox 610 3616 637 3625; x_wconf 90' lang='lat'>-</span> <span class='ocrx_word' id='word_1_269' title='bbox 663 3584 691 3639; x_wconf 82' lang='lat' dir='ltr'><strong>l.</strong></span> <span class='ocrx_word' id='word_1_270' title='bbox 712 3581 782 3636; x_wconf 85' lang='lat' dir='ltr'><strong>Petri</strong></span> <span class='ocrx_word' id='word_1_271' title='bbox 796 3596 857 3634; x_wconf 81' lang='lat' dir='ltr'><strong>moa</strong></span> <span class='ocrx_word' id='word_1_272' title='bbox 870 3578 981 3632; x_wconf 85' lang='lat' dir='ltr'><strong>bamsrm</strong></span> <span class='ocrx_word' id='word_1_273' title='bbox 1004 3575 1122 3646; x_wconf 72' lang='lat' dir='ltr'><strong>capitatio</strong></span> <span class='ocrx_word' id='word_1_274' title='bbox 1142 3573 1173 3628; x_wconf 86' lang='lat' dir='ltr'><strong>de</strong></span> 
     </span>
     <span class='ocr_line' id='line_1_35' title="bbox 380 3668 1174 3748; baseline -0.016 -13"><span class='ocrx_word' id='word_1_275' title='bbox 380 3680 493 3735; x_wconf 63' lang='lat' dir='ltr'><strong>Christo.</strong></span> <span class='ocrx_word' id='word_1_276' title='bbox 507 3679 628 3748; x_wconf 77' lang='lat' dir='ltr'><strong>Deeriepre</strong></span> <span class='ocrx_word' id='word_1_277' title='bbox 640 3675 767 3731; x_wconf 87' lang='lat' dir='ltr'><strong>continno</strong></span> <span class='ocrx_word' id='word_1_278' title='bbox 780 3682 840 3744; x_wconf 84' lang='lat' dir='ltr'><strong>post</strong></span> <span class='ocrx_word' id='word_1_279' title='bbox 851 3669 998 3726; x_wconf 81' lang='lat' dir='ltr'><strong>hacrcrba</strong></span> <span class='ocrx_word' id='word_1_280' title='bbox 1007 3668 1174 3723; x_wconf 87' lang='lat' dir='ltr'><strong>denuntiarit</strong></span> 
     </span>
     <span class='ocr_line' id='line_1_36' title="bbox 379 3758 1174 3840; baseline -0.02 -14"><span class='ocrx_word' id='word_1_281' title='bbox 379 3772 434 3826; x_wconf 73' lang='lat' dir='ltr'><strong>litia</strong></span> <span class='ocrx_word' id='word_1_282' title='bbox 447 3769 596 3840; x_wconf 73' lang='lat' dir='ltr'><strong>pasiouem</strong></span> <span class='ocrx_word' id='word_1_283' title='bbox 616 3781 691 3821; x_wconf 88' lang='lat' dir='ltr'><strong>snam</strong></span> <span class='ocrx_word' id='word_1_284' title='bbox 710 3774 737 3821; x_wconf 90' lang='lat' dir='ltr'><strong>et</strong></span> <span class='ocrx_word' id='word_1_285' title='bbox 759 3771 882 3818; x_wconf 86' lang='lat' dir='ltr'><strong>mortem.</strong></span> <span class='ocrx_word' id='word_1_286' title='bbox 896 3759 1010 3830; x_wconf 75' lang='lat' dir='ltr'><strong>Expavit</strong></span> <span class='ocrx_word' id='word_1_287' title='bbox 1022 3758 1133 3818; x_wconf 83' lang='lat' dir='ltr'><strong>Petras.</strong></span> <span class='ocrx_word' id='word_1_288' title='bbox 1145 3765 1174 3811; x_wconf 86' lang='lat' dir='ltr'><strong>et</strong></span> 
     </span>
     <span class='ocr_line' id='line_1_37' title="bbox 378 3847 1172 3927; baseline -0.018 -12"><span class='ocrx_word' id='word_1_289' title='bbox 378 3864 417 3916; x_wconf 86' lang='lat' dir='ltr'><strong>ait</strong></span> <span class='ocrx_word' id='word_1_290' title='bbox 429 3878 437 3914; x_wconf 78' lang='lat' dir='ltr'><strong>s</strong></span> <span class='ocrx_word' id='word_1_291' title='bbox 449 3861 519 3915; x_wconf 76' lang='lat' dir='ltr'><strong>Absit</strong></span> <span class='ocrx_word' id='word_1_292' title='bbox 529 3877 545 3913; x_wconf 92' lang='lat' dir='ltr'><strong>a</strong></span> <span class='ocrx_word' id='word_1_293' title='bbox 556 3870 589 3927; x_wconf 84' lang='lat' dir='ltr'><strong>te,</strong></span> <span class='ocrx_word' id='word_1_294' title='bbox 603 3857 717 3922; x_wconf 82' lang='lat' dir='ltr'><strong>Domine,</strong></span> <span class='ocrx_word' id='word_1_295' title='bbox 730 3870 780 3909; x_wconf 80' lang='lat' dir='ltr'><strong>eron</strong></span> <span class='ocrx_word' id='word_1_296' title='bbox 794 3855 836 3923; x_wconf 71' lang='lat' dir='ltr'><strong>fiet</strong></span> <span class='ocrx_word' id='word_1_297' title='bbox 846 3851 925 3906; x_wconf 79' lang='grc' dir='ltr'>ιἰιιιιι.</span> <span class='ocrx_word' id='word_1_298' title='bbox 940 3851 1015 3904; x_wconf 84' lang='lat' dir='ltr'><strong>Tarne</strong></span> <span class='ocrx_word' id='word_1_299' title='bbox 1025 3847 1172 3903; x_wconf 85' lang='lat' dir='ltr'><strong>Dominus:</strong></span> 
     </span>
     <span class='ocr_line' id='line_1_38' title="bbox 382 3938 1175 4020; baseline -0.02 -13"><span class='ocrx_word' id='word_1_300' title='bbox 382 3952 448 4007; x_wconf 83' lang='lat' dir='ltr'><strong>lleeli</strong></span> <span class='ocrx_word' id='word_1_301' title='bbox 462 3962 517 4020; x_wconf 89' lang='lat' dir='ltr'><strong>pose</strong></span> <span class='ocrx_word' id='word_1_302' title='bbox 530 3967 585 4016; x_wconf 84' lang='lat' dir='ltr'><strong>ene,</strong></span> <span class='ocrx_word' id='word_1_303' title='bbox 597 3957 710 4003; x_wconf 83' lang='lat' dir='ltr'><strong>satanas.</strong></span> <span class='ocrx_word' id='word_1_304' title='bbox 734 3945 828 4000; x_wconf 83' lang='lat' dir='ltr'><strong>Petrus</strong></span> <span class='ocrx_word' id='word_1_305' title='bbox 848 3942 972 3996; x_wconf 75' lang='lat' dir='ltr'><strong>cameras?</strong></span> <span class='ocrx_word' id='word_1_306' title='bbox 984 3938 1034 3996; x_wconf 86' lang='lat' dir='ltr'><strong>Ubi</strong></span> <span class='ocrx_word' id='word_1_307' title='bbox 1054 3946 1118 3994; x_wconf 87' lang='lat' dir='ltr'><strong>sunt</strong></span> <span class='ocrx_word' id='word_1_308' title='bbox 1131 3938 1175 3992; x_wconf 91' lang='lat' dir='ltr'><strong>illa</strong></span> 
     </span>
     <span class='ocr_line' id='line_1_39' title="bbox 380 4027 1177 4108; baseline -0.023 -8"><span class='ocrx_word' id='word_1_309' title='bbox 380 4042 481 4108; x_wconf 74' lang='lat' dir='ltr'><strong>verba,</strong></span> <span class='ocrx_word' id='word_1_310' title='bbox 494 4039 584 4094; x_wconf 75' lang='lat' dir='ltr'><strong>duritas</strong></span> <span class='ocrx_word' id='word_1_311' title='bbox 595 4055 635 4105; x_wconf 84' lang='lat' dir='ltr'><strong>cs,</strong></span> <span class='ocrx_word' id='word_1_312' title='bbox 651 4037 741 4093; x_wconf 85' lang='lat' dir='ltr'><strong>Simon</strong></span> <span class='ocrx_word' id='word_1_313' title='bbox 761 4027 1061 4098; x_wconf 81' lang='lat' dir='ltr'><strong>liar-loreolNumqnid</strong></span> <span class='ocrx_word' id='word_1_314' title='bbox 1081 4027 1177 4082; x_wconf 84' lang='lat' dir='ltr'><strong>huatees</strong></span> 
     </span>
     <span class='ocr_line' id='line_1_40' title="bbox 380 4117 1176 4195; baseline -0.023 -6"><span class='ocrx_word' id='word_1_315' title='bbox 380 4134 506 4190; x_wconf 80' lang='lat' dir='ltr'><strong>satanas?</strong></span> <span class='ocrx_word' id='word_1_316' title='bbox 516 4132 619 4195; x_wconf 80' lang='lat' dir='ltr'><strong>lleeeters,</strong></span> <span class='ocrx_word' id='word_1_317' title='bbox 635 4128 669 4184; x_wconf 89' lang='lat' dir='ltr'><strong>de</strong></span> <span class='ocrx_word' id='word_1_318' title='bbox 682 4128 728 4183; x_wconf 82' lang='lat' dir='ltr'><strong>lici</strong></span> <span class='ocrx_word' id='word_1_319' title='bbox 742 4126 770 4178; x_wconf 84' lang='lat'><strong>¹:</strong></span> <span class='ocrx_word' id='word_1_320' title='bbox 783 4132 899 4187; x_wconf 85' lang='lat' dir='ltr'><strong>satanas,</strong></span> <span class='ocrx_word' id='word_1_321' title='bbox 910 4119 944 4175; x_wconf 92' lang='lat' dir='ltr'><strong>de</strong></span> <span class='ocrx_word' id='word_1_322' title='bbox 957 4118 1082 4176; x_wconf 85' lang='lat' dir='ltr'><strong>honrinis.</strong></span> <span class='ocrx_word' id='word_1_323' title='bbox 1094 4117 1176 4173; x_wconf 81' lang='lat' dir='ltr'><strong>lieni·</strong></span> 
     </span>
     <span class='ocr_line' id='line_1_41' title="bbox 381 4208 1175 4301; baseline -0.024 -19"><span class='ocrx_word' id='word_1_324' title='bbox 381 4242 437 4301; x_wconf 86' lang='lat' dir='ltr'><strong>spec</strong></span> <span class='ocrx_word' id='word_1_325' title='bbox 450 4228 506 4297; x_wconf 77' lang='lat' dir='ltr'><strong>ipso</strong></span> <span class='ocrx_word' id='word_1_326' title='bbox 521 4225 646 4279; x_wconf 84' lang='lat' dir='ltr'><strong>hunrinus</strong></span> <span class='ocrx_word' id='word_1_327' title='bbox 659 4217 782 4289; x_wconf 82' lang='lat' dir='ltr'><strong>exposuit</strong></span> <span class='ocrx_word' id='word_1_328' title='bbox 795 4229 877 4286; x_wconf 87' lang='lat' dir='ltr'><strong>quare</strong></span> <span class='ocrx_word' id='word_1_329' title='bbox 892 4212 967 4268; x_wconf 88' lang='lat' dir='ltr'><strong>illurn</strong></span> <span class='ocrx_word' id='word_1_330' title='bbox 987 4208 1085 4265; x_wconf 79' lang='lat' dir='ltr'><strong>dixerit</strong></span> <span class='ocrx_word' id='word_1_331' title='bbox 1104 4216 1175 4263; x_wconf 85' lang='lat' dir='ltr'><strong>sats-</strong></span> 
     </span>
     <span class='ocr_line' id='line_1_42' title="bbox 382 4298 1175 4381; baseline -0.029 -7"><span class='ocrx_word' id='word_1_332' title='bbox 382 4334 465 4374; x_wconf 88' lang='lat' dir='ltr'><strong>nasn:</strong></span> <span class='ocrx_word' id='word_1_333' title='bbox 481 4315 539 4370; x_wconf 85' lang='lat' dir='ltr'><strong>llon</strong></span> <span class='ocrx_word' id='word_1_334' title='bbox 549 4314 615 4369; x_wconf 79' lang='lat' dir='ltr'><strong>serim</strong></span> <span class='ocrx_word' id='word_1_335' title='bbox 629 4310 699 4381; x_wconf 88' lang='lat' dir='ltr'><strong>sapis</strong></span> <span class='ocrx_word' id='word_1_336' title='bbox 711 4323 768 4378; x_wconf 79' lang='lat' dir='ltr'><strong>peta</strong></span> <span class='ocrx_word' id='word_1_337' title='bbox 782 4315 840 4361; x_wconf 88' lang='lat' dir='ltr'><strong>sam</strong></span> <span class='ocrx_word' id='word_1_338' title='bbox 855 4303 919 4369; x_wconf 80' lang='lat' dir='ltr'><strong>liei,</strong></span> <span class='ocrx_word' id='word_1_339' title='bbox 932 4301 977 4356; x_wconf 85' lang='lat' dir='ltr'><strong>sed</strong></span> <span class='ocrx_word' id='word_1_340' title='bbox 989 4316 1045 4371; x_wconf 77' lang='lat' dir='ltr'><strong>aare</strong></span> <span class='ocrx_word' id='word_1_341' title='bbox 1056 4308 1115 4354; x_wconf 85' lang='lat' dir='ltr'><strong>sares</strong></span> <span class='ocrx_word' id='word_1_342' title='bbox 1127 4298 1175 4352; x_wconf 87' lang='lat' dir='ltr'><strong>lea·</strong></span> 
     </span>
     <span class='ocr_line' id='line_1_43' title="bbox 383 4387 1176 4478; baseline -0.032 -13"><span class='ocrx_word' id='word_1_343' title='bbox 383 4410 459 4465; x_wconf 73' lang='lat' dir='ltr'><strong>nareis</strong></span> <span class='ocrx_word' id='word_1_344' title='bbox 481 4404 588 4478; x_wconf 75' lang='grc' dir='ltr'>ιιιιιιιιι.</span> <span class='ocrx_word' id='word_1_345' title='bbox 607 4417 671 4469; x_wconf 83' lang='lat' dir='ltr'><strong>sas,</strong></span> <span class='ocrx_word' id='word_1_346' title='bbox 687 4396 790 4469; x_wconf 68' lang='lat' dir='ltr'><strong>abac).</strong></span> <span class='ocrx_word' id='word_1_347' title='bbox 815 4393 890 4451; x_wconf 78' lang='lat' dir='ltr'><strong>{iride</strong></span> <span class='ocrx_word' id='word_1_348' title='bbox 905 4402 968 4448; x_wconf 88' lang='lat' dir='ltr'><strong>tune</strong></span> <span class='ocrx_word' id='word_1_349' title='bbox 981 4389 1095 4446; x_wconf 78' lang='lat' dir='ltr'><strong>beatus?</strong></span> <span class='ocrx_word' id='word_1_350' title='bbox 1110 4387 1176 4455; x_wconf 81' lang='lat' dir='ltr'><strong>Quia</strong></span> 
     </span>
     <span class='ocr_line' id='line_1_44' title="bbox 384 4478 1175 4558; baseline -0.03 -3"><span class='ocrx_word' id='word_1_351' title='bbox 384 4517 436 4555; x_wconf 81' lang='lat' dir='ltr'><strong>coer</strong></span> <span class='ocrx_word' id='word_1_352' title='bbox 447 4499 490 4553; x_wconf 85' lang='lat' dir='ltr'><strong>etti</strong></span> <span class='ocrx_word' id='word_1_353' title='bbox 503 4495 619 4551; x_wconf 82' lang='lat' dir='ltr'><strong>reaelaoit</strong></span> <span class='ocrx_word' id='word_1_354' title='bbox 631 4507 690 4547; x_wconf 87' lang='lat' dir='ltr'><strong>caro</strong></span> <span class='ocrx_word' id='word_1_355' title='bbox 700 4499 722 4544; x_wconf 90' lang='lat' dir='ltr'><strong>et</strong></span> <span class='ocrx_word' id='word_1_356' title='bbox 738 4487 852 4558; x_wconf 83' lang='lat' dir='ltr'><strong>sanpeee&#39;s,</strong></span> <span class='ocrx_word' id='word_1_357' title='bbox 863 4483 908 4540; x_wconf 82' lang='lat' dir='ltr'><strong>sed</strong></span> <span class='ocrx_word' id='word_1_358' title='bbox 921 4482 1078 4537; x_wconf 77' lang='lat' dir='ltr'><strong>Poterimus</strong></span> <span class='ocrx_word' id='word_1_359' title='bbox 1092 4479 1135 4548; x_wconf 81' lang='lat' dir='ltr'><strong>aeri</strong></span> <span class='ocrx_word' id='word_1_360' title='bbox 1148 4478 1175 4532; x_wconf 89' lang='lat' dir='ltr'><strong>s&#39;se</strong></span> 
     </span>
     <span class='ocr_line' id='line_1_45' title="bbox 383 4567 1178 4654; baseline -0.03 -9"><span class='ocrx_word' id='word_1_361' title='bbox 383 4591 454 4645; x_wconf 79' lang='lat' dir='ltr'><strong>realis</strong></span> <span class='ocrx_word' id='word_1_362' title='bbox 473 4599 519 4644; x_wconf 84' lang='lat' dir='ltr'><strong>eas.</strong></span> <span class='ocrx_word' id='word_1_363' title='bbox 535 4585 609 4642; x_wconf 84' lang='lat' dir='ltr'><strong>Unde</strong></span> <span class='ocrx_word' id='word_1_364' title='bbox 631 4590 722 4654; x_wconf 84' lang='lat' dir='ltr'><strong>postca</strong></span> <span class='ocrx_word' id='word_1_365' title='bbox 742 4577 867 4633; x_wconf 83' lang='lat' dir='ltr'><strong>satanael</strong></span> <span class='ocrx_word' id='word_1_366' title='bbox 881 4573 941 4629; x_wconf 84' lang='lat' dir='ltr'><strong>Non</strong></span> <span class='ocrx_word' id='word_1_367' title='bbox 962 4571 1031 4645; x_wconf 82' lang='lat' dir='ltr'><strong>sapis</strong></span> <span class='ocrx_word' id='word_1_368' title='bbox 1049 4586 1107 4645; x_wconf 70' lang='lat' dir='ltr'><strong>pass</strong></span> <span class='ocrx_word' id='word_1_369' title='bbox 1129 4567 1178 4622; x_wconf 79' lang='lat' dir='ltr'><strong>liei</strong></span> 
     </span>
     <span class='ocr_line' id='line_1_46' title="bbox 385 4658 1179 4749; baseline -0.03 -13"><span class='ocrx_word' id='word_1_370' title='bbox 385 4691 445 4737; x_wconf 88' lang='lat' dir='ltr'><strong>sant</strong></span> <span class='ocrx_word' id='word_1_371' title='bbox 457 4698 466 4747; x_wconf 90' lang='lat'><strong>,·</strong></span> <span class='ocrx_word' id='word_1_372' title='bbox 478 4696 536 4748; x_wconf 73' lang='lat' dir='ltr'><strong>rrum</strong></span> <span class='ocrx_word' id='word_1_373' title='bbox 560 4675 665 4749; x_wconf 84' lang='lat' dir='ltr'><strong>qtrando</strong></span> <span class='ocrx_word' id='word_1_374' title='bbox 685 4670 826 4742; x_wconf 85' lang='lat' dir='ltr'><strong>sapiebas,</strong></span> <span class='ocrx_word' id='word_1_375' title='bbox 839 4668 932 4722; x_wconf 77' lang='lat' dir='ltr'><strong>beatem</strong></span> <span class='ocrx_word' id='word_1_376' title='bbox 953 4677 1013 4719; x_wconf 86' lang='lat' dir='ltr'><strong>eras</strong></span> <span class='ocrx_word' id='word_1_377' title='bbox 1025 4680 1032 4716; x_wconf 75' lang='grc' dir='ltr'><strong>ε</strong></span> <span class='ocrx_word' id='word_1_378' title='bbox 1044 4661 1088 4717; x_wconf 83' lang='lat' dir='ltr'><strong>scel</strong></span> <span class='ocrx_word' id='word_1_379' title='bbox 1108 4658 1179 4729; x_wconf 84' lang='lat' dir='ltr'><strong>sapis</strong></span> 
     </span>
     <span class='ocr_line' id='line_1_47' title="bbox 385 4752 1176 4843; baseline -0.028 -18"><span class='ocrx_word' id='word_1_380' title='bbox 385 4788 443 4843; x_wconf 81' lang='lat' dir='ltr'><strong>qsree</strong></span> <span class='ocrx_word' id='word_1_381' title='bbox 461 4771 590 4825; x_wconf 75' lang='lat' dir='ltr'><strong>domitorem</strong></span> <span class='ocrx_word' id='word_1_382' title='bbox 609 4774 678 4821; x_wconf 81' lang='lat' dir='ltr'><strong>suaet.</strong></span> <span class='ocrx_word' id='word_1_383' title='bbox 693 4762 764 4819; x_wconf 85' lang='lat' dir='ltr'><strong>Ecca</strong></span> <span class='ocrx_word' id='word_1_384' title='bbox 785 4757 919 4831; x_wconf 83' lang='lat' dir='ltr'><strong>quomodo</strong></span> <span class='ocrx_word' id='word_1_385' title='bbox 930 4753 1077 4811; x_wconf 72' lang='lat' dir='ltr'><strong>alternabat</strong></span> <span class='ocrx_word' id='word_1_386' title='bbox 1089 4752 1176 4806; x_wconf 85' lang='lat' dir='ltr'><strong>areima</strong></span> 
     </span>
     <span class='ocr_line' id='line_1_48' title="bbox 385 4841 1176 4933; baseline -0.032 -14"><span class='ocrx_word' id='word_1_387' title='bbox 385 4862 587 4933; x_wconf 79' lang='lat' dir='ltr'><strong>discipulorum,</strong></span> <span class='ocrx_word' id='word_1_388' title='bbox 603 4856 678 4927; x_wconf 81' lang='lat' dir='ltr'><strong>quasi</strong></span> <span class='ocrx_word' id='word_1_389' title='bbox 691 4870 723 4909; x_wconf 88' lang='lat' dir='ltr'><strong>ex</strong></span> <span class='ocrx_word' id='word_1_390' title='bbox 737 4862 798 4910; x_wconf 90' lang='lat' dir='ltr'><strong>ortu</strong></span> <span class='ocrx_word' id='word_1_391' title='bbox 811 4860 839 4906; x_wconf 91' lang='lat' dir='ltr'><strong>ct</strong></span> <span class='ocrx_word' id='word_1_392' title='bbox 851 4862 947 4905; x_wconf 81' lang='lat' dir='ltr'><strong>occasu</strong></span> <span class='ocrx_word' id='word_1_393' title='bbox 960 4864 967 4901; x_wconf 78' lang='grc' dir='ltr'>ι</span> <span class='ocrx_word' id='word_1_394' title='bbox 979 4843 1059 4900; x_wconf 82' lang='lat' dir='ltr'><strong>morlo</strong></span> <span class='ocrx_word' id='word_1_395' title='bbox 1073 4841 1176 4908; x_wconf 78' lang='lat' dir='ltr'><strong>scebat,</strong></span> 
     </span>
     <span class='ocr_line' id='line_1_49' title="bbox 388 4932 1179 5019; baseline -0.035 -11"><span class='ocrx_word' id='word_1_396' title='bbox 388 4952 469 5009; x_wconf 84' lang='lat' dir='ltr'><strong>ruodo</strong></span> <span class='ocrx_word' id='word_1_397' title='bbox 481 4951 603 5019; x_wconf 74' lang='lat' dir='ltr'><strong>jaccimte</strong></span> <span class='ocrx_word' id='word_1_398' title='bbox 613 4945 692 5000; x_wconf 85' lang='lat' dir='ltr'><strong>trrodo</strong></span> <span class='ocrx_word' id='word_1_399' title='bbox 706 4940 913 5005; x_wconf 78' lang='lat' dir='ltr'><strong>illuminabatur,</strong></span> <span class='ocrx_word' id='word_1_400' title='bbox 928 4934 1008 4991; x_wconf 77' lang='grc' dir='ltr'>ιιιοιιο</span> <span class='ocrx_word' id='word_1_401' title='bbox 1019 4932 1179 4988; x_wconf 87' lang='lat' dir='ltr'><strong>tenebraba-</strong></span> 
     </span>
     <span class='ocr_line' id='line_1_50' title="bbox 387 5023 1177 5111; baseline -0.033 -12"><span class='ocrx_word' id='word_1_402' title='bbox 387 5055 450 5106; x_wconf 75' lang='lat' dir='ltr'><strong>tur:</strong></span> <span class='ocrx_word' id='word_1_403' title='bbox 465 5042 525 5111; x_wconf 85' lang='lat' dir='ltr'><strong>rpriu</strong></span> <span class='ocrx_word' id='word_1_404' title='bbox 540 5041 574 5094; x_wconf 91' lang='lat' dir='ltr'><strong>de</strong></span> <span class='ocrx_word' id='word_1_405' title='bbox 587 5039 632 5093; x_wconf 85' lang='lat' dir='ltr'><strong>bei</strong></span> <span class='ocrx_word' id='word_1_406' title='bbox 646 5033 855 5097; x_wconf 88' lang='lat' dir='ltr'><strong>illuminabatur,</strong></span> <span class='ocrx_word' id='word_1_407' title='bbox 869 5027 904 5082; x_wconf 92' lang='lat' dir='ltr'><strong>de</strong></span> <span class='ocrx_word' id='word_1_408' title='bbox 916 5042 966 5083; x_wconf 88' lang='lat' dir='ltr'><strong>suo</strong></span> <span class='ocrx_word' id='word_1_409' title='bbox 980 5023 1177 5080; x_wconf 84' lang='lat' dir='ltr'><strong>tenebrabatur.</strong></span> 
     </span>
     <span class='ocr_line' id='line_1_51' title="bbox 389 5114 1180 5193; baseline -0.033 -1"><span class='ocrx_word' id='word_1_410' title='bbox 389 5135 465 5193; x_wconf 77' lang='lat' dir='ltr'><strong>Uerde</strong></span> <span class='ocrx_word' id='word_1_411' title='bbox 488 5126 704 5187; x_wconf 76' lang='lat' dir='ltr'><strong>illuminabatur?</strong></span> <span class='ocrx_word' id='word_1_412' title='bbox 730 5121 1027 5184; x_wconf 63' lang='lat' dir='ltr'><strong>eccellentissimo</strong></span> <span class='ocrx_word' id='word_1_413' title='bbox 1047 5114 1180 5171; x_wconf 83' lang='lat' dir='ltr'><strong>illumina-</strong></span> 
     </span>
     <span class='ocr_line' id='line_1_52' title="bbox 388 5206 1181 5297; baseline -0.033 -15"><span class='ocrx_word' id='word_1_414' title='bbox 388 5227 452 5282; x_wconf 84' lang='lat' dir='ltr'><strong>mini</strong></span> <span class='ocrx_word' id='word_1_415' title='bbox 478 5222 564 5297; x_wconf 79' lang='lat' dir='ltr'><strong>(Paul.</strong></span> <span class='ocrx_word' id='word_1_416' title='bbox 590 5236 692 5287; x_wconf 82' lang='lat' dir='ltr'><strong>xtxett,</strong></span> <span class='ocrx_word' id='word_1_417' title='bbox 720 5217 769 5291; x_wconf 81' lang='lat' dir='ltr'><strong>a).</strong></span> <span class='ocrx_word' id='word_1_418' title='bbox 795 5215 870 5273; x_wconf 87' lang='lat' dir='ltr'><strong>Unda</strong></span> <span class='ocrx_word' id='word_1_419' title='bbox 903 5207 1106 5268; x_wconf 76' lang='lat' dir='ltr'><strong>tenebrabatur?</strong></span> <span class='ocrx_word' id='word_1_420' title='bbox 1131 5206 1181 5274; x_wconf 84' lang='lat' dir='ltr'><strong>erl</strong></span> 
     </span>
     <span class='ocr_line' id='line_1_53' title="bbox 389 5296 1179 5392; baseline -0.034 -18"><span class='ocrx_word' id='word_1_421' title='bbox 389 5321 501 5392; x_wconf 71' lang='lat' dir='ltr'><strong>loquitor</strong></span> <span class='ocrx_word' id='word_1_422' title='bbox 515 5315 690 5378; x_wconf 87' lang='lat' dir='ltr'><strong>rererrdociune,</strong></span> <span class='ocrx_word' id='word_1_423' title='bbox 706 5310 737 5364; x_wconf 85' lang='lat' dir='ltr'><strong>ele</strong></span> <span class='ocrx_word' id='word_1_424' title='bbox 755 5324 802 5364; x_wconf 85' lang='lat' dir='ltr'><strong>seta</strong></span> <span class='ocrx_word' id='word_1_425' title='bbox 822 5300 1030 5375; x_wconf 76' lang='lat' dir='ltr'><strong>loquitnrlloon.</strong></span> <span class='ocrx_word' id='word_1_426' title='bbox 1047 5313 1109 5363; x_wconf 76' lang='lat' dir='ltr'><strong>utet,</strong></span> <span class='ocrx_word' id='word_1_427' title='bbox 1122 5296 1179 5366; x_wconf 77' lang='lat' dir='ltr'><strong>ld).</strong></span> 
     </span>
     <span class='ocr_line' id='line_1_54' title="bbox 391 5398 1181 5467; baseline -0.032 0"><span class='ocrx_word' id='word_1_428' title='bbox 391 5411 487 5467; x_wconf 84' lang='lat' dir='ltr'><strong>l&#39;itierm</strong></span> <span class='ocrx_word' id='word_1_429' title='bbox 501 5408 546 5463; x_wconf 85' lang='lat' dir='ltr'><strong>hei</strong></span> <span class='ocrx_word' id='word_1_430' title='bbox 559 5407 612 5460; x_wconf 85' lang='lat' dir='ltr'><strong>riri</strong></span> <span class='ocrx_word' id='word_1_431' title='bbox 625 5405 737 5465; x_wconf 73' lang='lat' dir='ltr'><strong>dixerat,</strong></span> <span class='ocrx_word' id='word_1_432' title='bbox 748 5412 775 5457; x_wconf 92' lang='lat' dir='ltr'><strong>et</strong></span> <span class='ocrx_word' id='word_1_433' title='bbox 786 5398 896 5455; x_wconf 89' lang='lat' dir='ltr'><strong>timebat</strong></span> <span class='ocrx_word' id='word_1_434' title='bbox 906 5410 941 5452; x_wconf 92' lang='lat' dir='ltr'><strong>ne</strong></span> <span class='ocrx_word' id='word_1_435' title='bbox 953 5401 1111 5456; x_wconf 87' lang='lat' dir='ltr'><strong>moreretur,</strong></span> <span class='ocrx_word' id='word_1_436' title='bbox 1121 5405 1181 5445; x_wconf 87' lang='lat' dir='ltr'><strong>curre</strong></span> 
     </span>
    </p>
   </div>
   <div class='ocr_carea' id='block_1_3' title="bbox 394 5491 1180 5563">
    <p class='ocr_par' dir='ltr' id='par_1_4' title="bbox 394 5491 1180 5563">
     <span class='ocr_line' id='line_1_55' title="bbox 394 5491 1180 5563; baseline -0.029 -4"><span class='ocrx_word' id='word_1_437' title='bbox 394 5504 476 5559; x_wconf 79' lang='lat' dir='ltr'><strong>Filius</strong></span> <span class='ocrx_word' id='word_1_438' title='bbox 496 5502 542 5556; x_wconf 77' lang='lat' dir='ltr'><strong>beri</strong></span> <span class='ocrx_word' id='word_1_439' title='bbox 564 5507 646 5563; x_wconf 86' lang='lat' dir='ltr'><strong>esset,</strong></span> <span class='ocrx_word' id='word_1_440' title='bbox 660 5504 687 5552; x_wconf 90' lang='lat' dir='ltr'><strong>ct</strong></span> <span class='ocrx_word' id='word_1_441' title='bbox 705 5495 739 5551; x_wconf 92' lang='lat' dir='ltr'><strong>ad</strong></span> <span class='ocrx_word' id='word_1_442' title='bbox 760 5494 811 5550; x_wconf 89' lang='lat' dir='ltr'><strong>boe</strong></span> <span class='ocrx_word' id='word_1_443' title='bbox 825 5491 958 5554; x_wconf 79' lang='lat' dir='ltr'><strong>uertisset,</strong></span> <span class='ocrx_word' id='word_1_444' title='bbox 974 5498 1002 5544; x_wconf 90' lang='lat' dir='ltr'><strong>nt</strong></span> <span class='ocrx_word' id='word_1_445' title='bbox 1023 5494 1180 5542; x_wconf 88' lang='lat' dir='ltr'><strong>moreretur.</strong></span> 
     </span>
    </p>
   </div>
   <div class='ocr_carea' id='block_1_4' title="bbox 394 5681 1186 6019">
    <p class='ocr_par' dir='ltr' id='par_1_5' title="bbox 394 5681 1186 6019">
     <span class='ocr_line' id='line_1_56' title="bbox 424 5681 1185 5754; baseline -0.03 -6"><span class='ocrx_word' id='word_1_446' title='bbox 424 5702 432 5733; x_wconf 89' lang='lat'><strong>¹</strong></span> <span class='ocrx_word' id='word_1_447' title='bbox 446 5700 489 5749; x_wconf 87' lang='lat' dir='ltr'><strong>ttle</strong></span> <span class='ocrx_word' id='word_1_448' title='bbox 498 5710 530 5747; x_wconf 82' lang='lat' dir='ltr'><strong>es</strong></span> <span class='ocrx_word' id='word_1_449' title='bbox 541 5705 594 5746; x_wconf 64' lang='lat' dir='ltr'><strong>tras.</strong></span> <span class='ocrx_word' id='word_1_450' title='bbox 611 5693 729 5751; x_wconf 84' lang='lat' dir='ltr'><strong>addbous,</strong></span> <span class='ocrx_word' id='word_1_451' title='bbox 741 5686 798 5754; x_wconf 72' lang='lat' dir='ltr'><strong>qais</strong></span> <span class='ocrx_word' id='word_1_452' title='bbox 809 5686 888 5739; x_wconf 80' lang='lat' dir='ltr'><strong>melleas</strong></span> <span class='ocrx_word' id='word_1_453' title='bbox 898 5685 925 5737; x_wconf 84' lang='lat' dir='ltr'><strong>s&#39;n</strong></span> <span class='ocrx_word' id='word_1_454' title='bbox 934 5681 1052 5735; x_wconf 74' lang='lat' dir='ltr'><strong>matera.</strong></span> <span class='ocrx_word' id='word_1_455' title='bbox 1065 5683 1185 5729; x_wconf 75' lang='lat' dir='ltr'><strong>tractores</strong></span> 
     </span>
     <span class='ocr_line' id='line_1_57' title="bbox 394 5744 1184 5829; baseline -0.029 -19"><span class='ocrx_word' id='word_1_456' title='bbox 394 5761 460 5829; x_wconf 78' lang='lat' dir='ltr'><strong>phua</strong></span> <span class='ocrx_word' id='word_1_457' title='bbox 471 5764 585 5821; x_wconf 70' lang='lat' dir='ltr'><strong>senarius</strong></span> <span class='ocrx_word' id='word_1_458' title='bbox 596 5764 622 5806; x_wconf 93' lang='lat' dir='ltr'><strong>ct</strong></span> <span class='ocrx_word' id='word_1_459' title='bbox 632 5754 827 5805; x_wconf 57' lang='lat' dir='ltr'><strong>interiacentem</strong></span> <span class='ocrx_word' id='word_1_460' title='bbox 841 5753 866 5801; x_wconf 87' lang='grc' dir='ltr'><strong>ιιι</strong></span> <span class='ocrx_word' id='word_1_461' title='bbox 882 5747 963 5805; x_wconf 72' lang='lat' dir='ltr'><strong>edith,</strong></span> <span class='ocrx_word' id='word_1_462' title='bbox 978 5744 1140 5796; x_wconf 76' lang='lat' dir='ltr'><strong>rtsdtuuntur</strong></span> <span class='ocrx_word' id='word_1_463' title='bbox 1152 5750 1184 5789; x_wconf 84' lang='lat' dir='ltr'><strong>aa</strong></span> 
     </span>
     <span class='ocr_line' id='line_1_58' title="bbox 394 5824 1186 5940; baseline -0.032 -4"><span class='ocrx_word' id='word_1_464' title='bbox 394 5824 562 5940; x_wconf 50' lang='lat' dir='ltr'><strong>Qfflffie</strong></span> <span class='ocrx_word' id='word_1_465' title='bbox 577 5890 626 5933; x_wconf 87' lang='lat' dir='ltr'><strong>nea</strong></span> <span class='ocrx_word' id='word_1_466' title='bbox 640 5889 648 5928; x_wconf 93' lang='lat'>:</span> <span class='ocrx_word' id='word_1_467' title='bbox 661 5884 688 5929; x_wconf 92' lang='lat' dir='ltr'><strong>et</strong></span> <span class='ocrx_word' id='word_1_468' title='bbox 698 5874 759 5927; x_wconf 87' lang='lat' dir='ltr'><strong>inira</strong></span> <span class='ocrx_word' id='word_1_469' title='bbox 773 5868 913 5927; x_wconf 77' lang='lat' dir='ltr'><strong>aenaeae.</strong></span> <span class='ocrx_word' id='word_1_470' title='bbox 925 5876 953 5920; x_wconf 87' lang='grc' dir='ltr'><strong>ιιι</strong></span> <span class='ocrx_word' id='word_1_471' title='bbox 969 5863 1139 5927; x_wconf 74' lang='lat' dir='ltr'><strong>accusaris-tt,</strong></span> <span class='ocrx_word' id='word_1_472' title='bbox 1155 5859 1186 5912; x_wconf 84' lang='lat' dir='ltr'><strong>ele</strong></span> 
     </span>
     <span class='ocr_line' id='line_1_59' title="bbox 394 5928 1061 6019; baseline -0.034 -21"><span class='ocrx_word' id='word_1_473' title='bbox 394 5944 451 6009; x_wconf 75' lang='lat' dir='ltr'><strong>aei,</strong></span> <span class='ocrx_word' id='word_1_474' title='bbox 459 5945 571 6019; x_wconf 75' lang='lat' dir='ltr'><strong>serbauai,</strong></span> <span class='ocrx_word' id='word_1_475' title='bbox 580 5943 642 5993; x_wconf 85' lang='grc' dir='ltr'>ιιιιιιο</span> <span class='ocrx_word' id='word_1_476' title='bbox 653 5951 662 5991; x_wconf 86' lang='grc'><strong>.·</strong></span> <span class='ocrx_word' id='word_1_477' title='bbox 674 5946 707 6002; x_wconf 89' lang='lat' dir='ltr'><strong>et,</strong></span> <span class='ocrx_word' id='word_1_478' title='bbox 723 5938 753 5989; x_wconf 84' lang='lat' dir='ltr'><strong>ele</strong></span> <span class='ocrx_word' id='word_1_479' title='bbox 762 5931 980 5997; x_wconf 60' lang='lat' dir='ltr'><strong>terrerentearppte,</strong></span> <span class='ocrx_word' id='word_1_480' title='bbox 990 5928 1061 5980; x_wconf 88' lang='lat' dir='ltr'><strong>moto.</strong></span> 
     </span>
    </p>
   </div>
   <div class='ocr_carea' id='block_1_5' title="bbox 1035 520 1317 583">
    <p class='ocr_par' dir='ltr' id='par_1_6' title="bbox 1035 520 1317 583">
     <span class='ocr_line' id='line_1_60' title="bbox 1035 520 1317 583; baseline 0.011 -2"><span class='ocrx_word' id='word_1_481' title='bbox 1035 522 1148 582; x_wconf 75' lang='lat' dir='ltr'><strong>satiato</strong></span> <span class='ocrx_word' id='word_1_482' title='bbox 1166 520 1317 583; x_wconf 75' lang='lat' dir='ltr'><strong>CCXXXll.</strong></span> 
     </span>
    </p>
   </div>
   <div class='ocr_carea' id='block_1_6' title="bbox 1933 513 2003 574">
    <p class='ocr_par' dir='ltr' id='par_1_7' title="bbox 1933 513 2003 574">
     <span class='ocr_line' id='line_1_61' title="bbox 1933 513 2003 574; baseline 0.043 -3"><span class='ocrx_word' id='word_1_483' title='bbox 1933 513 2003 574; x_wconf 83' lang='lat' dir='ltr'><strong>tata</strong></span> 
     </span>
    </p>
   </div>
   <div class='ocr_carea' id='block_1_7' title="bbox 1211 624 2003 698">
    <p class='ocr_par' dir='ltr' id='par_1_8' title="bbox 1211 624 2003 698">
     <span class='ocr_line' id='line_1_62' title="bbox 1211 624 2003 698; baseline -0.01 -9"><span class='ocrx_word' id='word_1_484' title='bbox 1211 632 1267 690; x_wconf 82' lang='lat' dir='ltr'><strong>Nisi</strong></span> <span class='ocrx_word' id='word_1_485' title='bbox 1281 633 1327 690; x_wconf 91' lang='lat' dir='ltr'><strong>ille</strong></span> <span class='ocrx_word' id='word_1_486' title='bbox 1347 633 1463 689; x_wconf 82' lang='lat' dir='ltr'><strong>uertisset</strong></span> <span class='ocrx_word' id='word_1_487' title='bbox 1475 640 1503 687; x_wconf 95' lang='lat' dir='ltr'><strong>ut</strong></span> <span class='ocrx_word' id='word_1_488' title='bbox 1513 637 1671 698; x_wconf 85' lang='lat' dir='ltr'><strong>moreretur,</strong></span> <span class='ocrx_word' id='word_1_489' title='bbox 1682 642 1731 685; x_wconf 85' lang='lat' dir='ltr'><strong>nos</strong></span> <span class='ocrx_word' id='word_1_490' title='bbox 1752 624 1822 684; x_wconf 90' lang='lat' dir='ltr'><strong>unde</strong></span> <span class='ocrx_word' id='word_1_491' title='bbox 1838 626 2003 682; x_wconf 73' lang='lat' dir='ltr'><strong>rirerernust</strong></span> 
     </span>
    </p>
   </div>
   <div class='ocr_carea' id='block_1_8' title="bbox 1213 742 2017 3566">
    <p class='ocr_par' dir='ltr' id='par_1_9' title="bbox 1213 742 2017 3566">
     <span class='ocr_line' id='line_1_63' title="bbox 1246 742 2004 805; baseline -0.013 -1"><span class='ocrx_word' id='word_1_492' title='bbox 1246 747 1359 805; x_wconf 71' lang='lat' dir='ltr'><strong>attur</strong></span> <span class='ocrx_word' id='word_1_493' title='bbox 1380 747 1411 800; x_wconf 70' lang='grc' dir='ltr'><strong>ι’.</strong></span> <span class='ocrx_word' id='word_1_494' title='bbox 1423 775 1460 787; x_wconf 89' lang='grc'><strong>-</strong></span> <span class='ocrx_word' id='word_1_495' title='bbox 1472 748 1498 802; x_wconf 88' lang='lat'><strong>5.</strong></span> <span class='ocrx_word' id='word_1_496' title='bbox 1517 744 1571 799; x_wconf 83' lang='lat' dir='ltr'><strong>Nee</strong></span> <span class='ocrx_word' id='word_1_497' title='bbox 1585 761 1653 799; x_wconf 85' lang='lat' dir='ltr'><strong>artare</strong></span> <span class='ocrx_word' id='word_1_498' title='bbox 1666 742 1782 805; x_wconf 86' lang='lat' dir='ltr'><strong>Christo,</strong></span> <span class='ocrx_word' id='word_1_499' title='bbox 1802 757 1846 795; x_wconf 89' lang='lat' dir='ltr'><strong>nea</strong></span> <span class='ocrx_word' id='word_1_500' title='bbox 1865 742 1914 794; x_wconf 85' lang='lat' dir='ltr'><strong>eita</strong></span> <span class='ocrx_word' id='word_1_501' title='bbox 1933 742 2004 794; x_wconf 77' lang='lat' dir='ltr'><strong>reatris</strong></span> 
     </span>
     <span class='ocr_line' id='line_1_64' title="bbox 1213 830 2004 902; baseline -0.015 -5"><span class='ocrx_word' id='word_1_502' title='bbox 1213 840 1357 897; x_wconf 74' lang='lat' dir='ltr'><strong>deiciatur.</strong></span> <span class='ocrx_word' id='word_1_503' title='bbox 1373 838 1449 895; x_wconf 89' lang='lat' dir='ltr'><strong>Unde</strong></span> <span class='ocrx_word' id='word_1_504' title='bbox 1460 838 1536 893; x_wconf 87' lang='lat' dir='ltr'><strong>nobis</strong></span> <span class='ocrx_word' id='word_1_505' title='bbox 1548 838 1610 901; x_wconf 85' lang='lat' dir='ltr'><strong>rita,</strong></span> <span class='ocrx_word' id='word_1_506' title='bbox 1625 834 1696 891; x_wconf 88' lang='lat' dir='ltr'><strong>unde</strong></span> <span class='ocrx_word' id='word_1_507' title='bbox 1710 835 1745 889; x_wconf 89' lang='lat' dir='ltr'><strong>illi</strong></span> <span class='ocrx_word' id='word_1_508' title='bbox 1762 832 1853 888; x_wconf 80' lang='lat' dir='ltr'><strong>ttteersl</strong></span> <span class='ocrx_word' id='word_1_509' title='bbox 1865 830 1951 902; x_wconf 88' lang='lat' dir='ltr'><strong>lpsrnn</strong></span> <span class='ocrx_word' id='word_1_510' title='bbox 1965 846 2004 885; x_wconf 83' lang='lat' dir='ltr'><strong>:n-</strong></span> 
     </span>
     <span class='ocr_line' id='line_1_65' title="bbox 1214 925 2004 1003; baseline -0.015 -15"><span class='ocrx_word' id='word_1_511' title='bbox 1214 933 1293 989; x_wconf 90' lang='lat' dir='ltr'><strong>tende</strong></span> <span class='ocrx_word' id='word_1_512' title='bbox 1306 950 1312 986; x_wconf 93' lang='lat'><strong>:</strong></span> <span class='ocrx_word' id='word_1_513' title='bbox 1324 931 1356 987; x_wconf 89' lang='lat' dir='ltr'><strong>ln</strong></span> <span class='ocrx_word' id='word_1_514' title='bbox 1372 931 1562 1003; x_wconf 73' lang='lat' dir='ltr'><strong>principiorem</strong></span> <span class='ocrx_word' id='word_1_515' title='bbox 1582 928 1699 992; x_wconf 57' lang='lat' dir='ltr'><strong>leriam,</strong></span> <span class='ocrx_word' id='word_1_516' title='bbox 1713 937 1735 983; x_wconf 87' lang='lat' dir='ltr'><strong>et</strong></span> <span class='ocrx_word' id='word_1_517' title='bbox 1752 925 1859 981; x_wconf 74' lang='lat' dir='ltr'><strong>leriam</strong></span> <span class='ocrx_word' id='word_1_518' title='bbox 1869 936 1921 979; x_wconf 75' lang='lat' dir='ltr'><strong>erere</strong></span> <span class='ocrx_word' id='word_1_519' title='bbox 1935 928 2004 993; x_wconf 85' lang='lat' dir='ltr'><strong>aprrd</strong></span> 
     </span>
     <span class='ocr_line' id='line_1_66' title="bbox 1214 1015 2004 1088; baseline -0.02 -8"><span class='ocrx_word' id='word_1_520' title='bbox 1214 1022 1308 1088; x_wconf 81' lang='lat' dir='ltr'><strong>Deam,</strong></span> <span class='ocrx_word' id='word_1_521' title='bbox 1324 1033 1348 1079; x_wconf 86' lang='lat' dir='ltr'><strong>et</strong></span> <span class='ocrx_word' id='word_1_522' title='bbox 1362 1022 1432 1077; x_wconf 81' lang='lat' dir='ltr'><strong>Dares</strong></span> <span class='ocrx_word' id='word_1_523' title='bbox 1442 1030 1494 1075; x_wconf 83' lang='lat' dir='ltr'><strong>erut</strong></span> <span class='ocrx_word' id='word_1_524' title='bbox 1514 1019 1630 1073; x_wconf 84' lang='lat' dir='ltr'><strong>l&#39;rrbrrm.</strong></span> <span class='ocrx_word' id='word_1_525' title='bbox 1644 1018 1738 1085; x_wconf 73' lang='lat' dir='ltr'><strong>Ornatur</strong></span> <span class='ocrx_word' id='word_1_526' title='bbox 1752 1018 1786 1071; x_wconf 91' lang='lat' dir='ltr'><strong>ihi</strong></span> <span class='ocrx_word' id='word_1_527' title='bbox 1800 1025 1922 1070; x_wconf 77' lang='lat' dir='ltr'><strong>retortam.</strong></span> <span class='ocrx_word' id='word_1_528' title='bbox 1939 1015 2004 1070; x_wconf 73' lang='lat' dir='ltr'><strong>tbi?</strong></span> 
     </span>
     <span class='ocr_line' id='line_1_67' title="bbox 1214 1106 2004 1184; baseline -0.019 -13"><span class='ocrx_word' id='word_1_529' title='bbox 1214 1115 1305 1171; x_wconf 82' lang='lat' dir='ltr'><strong>unde?</strong></span> <span class='ocrx_word' id='word_1_530' title='bbox 1316 1112 1466 1184; x_wconf 74' lang='lat' dir='ltr'><strong>epttntnodol</strong></span> <span class='ocrx_word' id='word_1_531' title='bbox 1481 1112 1544 1165; x_wconf 85' lang='lat' dir='ltr'><strong>Erat</strong></span> <span class='ocrx_word' id='word_1_532' title='bbox 1555 1109 1679 1173; x_wconf 79' lang='lat' dir='ltr'><strong>Verletten,</strong></span> <span class='ocrx_word' id='word_1_533' title='bbox 1691 1107 1808 1162; x_wconf 79' lang='lat' dir='ltr'><strong>Verbum</strong></span> <span class='ocrx_word' id='word_1_534' title='bbox 1820 1106 1887 1177; x_wconf 88' lang='lat' dir='ltr'><strong>apud</strong></span> <span class='ocrx_word' id='word_1_535' title='bbox 1903 1107 1985 1160; x_wconf 79' lang='lat' dir='ltr'><strong>llcsrm</strong></span> <span class='ocrx_word' id='word_1_536' title='bbox 1997 1147 2004 1171; x_wconf 93' lang='lat'><strong>,</strong></span> 
     </span>
     <span class='ocr_line' id='line_1_68' title="bbox 1216 1197 2004 1265; baseline -0.02 -2"><span class='ocrx_word' id='word_1_537' title='bbox 1216 1206 1286 1263; x_wconf 82' lang='lat' dir='ltr'><strong>Deus</strong></span> <span class='ocrx_word' id='word_1_538' title='bbox 1300 1205 1426 1260; x_wconf 79' lang='lat' dir='ltr'><strong>Verbum.</strong></span> <span class='ocrx_word' id='word_1_539' title='bbox 1448 1201 1475 1259; x_wconf 89' lang='lat' dir='ltr'><strong>Si</strong></span> <span class='ocrx_word' id='word_1_540' title='bbox 1494 1201 1595 1257; x_wconf 79' lang='lat' dir='ltr'><strong>terrenis</strong></span> <span class='ocrx_word' id='word_1_541' title='bbox 1619 1199 1655 1253; x_wconf 91' lang='lat' dir='ltr'><strong>ibi</strong></span> <span class='ocrx_word' id='word_1_542' title='bbox 1668 1215 1775 1252; x_wconf 79' lang='lat' dir='ltr'><strong>caeream</strong></span> <span class='ocrx_word' id='word_1_543' title='bbox 1791 1207 1817 1251; x_wconf 86' lang='lat' dir='ltr'><strong>et</strong></span> <span class='ocrx_word' id='word_1_544' title='bbox 1830 1197 2004 1265; x_wconf 74' lang='lat' dir='ltr'><strong>sangninem,</strong></span> 
     </span>
     <span class='ocr_line' id='line_1_69' title="bbox 1216 1287 2007 1365; baseline -0.018 -10"><span class='ocrx_word' id='word_1_545' title='bbox 1216 1299 1319 1355; x_wconf 83' lang='lat' dir='ltr'><strong>herenis</strong></span> <span class='ocrx_word' id='word_1_546' title='bbox 1339 1306 1461 1352; x_wconf 85' lang='lat' dir='ltr'><strong>mortem.</strong></span> <span class='ocrx_word' id='word_1_547' title='bbox 1482 1294 1551 1365; x_wconf 71' lang='lat' dir='ltr'><strong>arpo</strong></span> <span class='ocrx_word' id='word_1_548' title='bbox 1573 1291 1610 1346; x_wconf 90' lang='lat' dir='ltr'><strong>illi</strong></span> <span class='ocrx_word' id='word_1_549' title='bbox 1627 1290 1713 1346; x_wconf 73' lang='lat' dir='ltr'><strong>Verbo</strong></span> <span class='ocrx_word' id='word_1_550' title='bbox 1731 1289 1800 1344; x_wconf 88' lang='lat' dir='ltr'><strong>unde</strong></span> <span class='ocrx_word' id='word_1_551' title='bbox 1821 1287 1912 1344; x_wconf 80' lang='lat' dir='ltr'><strong>terrers?</strong></span> <span class='ocrx_word' id='word_1_552' title='bbox 1925 1287 2007 1341; x_wconf 80' lang='lat' dir='ltr'><strong>h&#39;ohis</strong></span> 
     </span>
     <span class='ocr_line' id='line_1_70' title="bbox 1216 1381 2005 1455; baseline -0.019 -7"><span class='ocrx_word' id='word_1_553' title='bbox 1216 1400 1305 1447; x_wconf 88' lang='lat' dir='ltr'><strong>autem</strong></span> <span class='ocrx_word' id='word_1_554' title='bbox 1327 1389 1479 1444; x_wconf 83' lang='lat' dir='ltr'><strong>lrorrrinibus</strong></span> <span class='ocrx_word' id='word_1_555' title='bbox 1501 1388 1528 1442; x_wconf 89' lang='lat' dir='ltr'><strong>ia</strong></span> <span class='ocrx_word' id='word_1_556' title='bbox 1548 1394 1618 1441; x_wconf 88' lang='lat' dir='ltr'><strong>terra</strong></span> <span class='ocrx_word' id='word_1_557' title='bbox 1638 1383 1746 1455; x_wconf 85' lang='lat' dir='ltr'><strong>positis,</strong></span> <span class='ocrx_word' id='word_1_558' title='bbox 1760 1381 1929 1444; x_wconf 84' lang='lat' dir='ltr'><strong>mortalibus,</strong></span> <span class='ocrx_word' id='word_1_559' title='bbox 1945 1396 2005 1436; x_wconf 85' lang='lat' dir='ltr'><strong>aor-</strong></span> 
     </span>
     <span class='ocr_line' id='line_1_71' title="bbox 1216 1472 2007 1556; baseline -0.016 -16"><span class='ocrx_word' id='word_1_560' title='bbox 1216 1483 1400 1556; x_wconf 77' lang='lat' dir='ltr'><strong>rnptibilihua,</strong></span> <span class='ocrx_word' id='word_1_561' title='bbox 1420 1478 1617 1551; x_wconf 87' lang='lat' dir='ltr'><strong>peccatoribus,</strong></span> <span class='ocrx_word' id='word_1_562' title='bbox 1632 1476 1703 1532; x_wconf 87' lang='lat' dir='ltr'><strong>unde</strong></span> <span class='ocrx_word' id='word_1_563' title='bbox 1724 1472 1868 1530; x_wconf 80' lang='lat' dir='ltr'><strong>ritalh&#39;on</strong></span> <span class='ocrx_word' id='word_1_564' title='bbox 1889 1483 1946 1526; x_wconf 90' lang='lat' dir='ltr'><strong>crat</strong></span> <span class='ocrx_word' id='word_1_565' title='bbox 1971 1473 2007 1527; x_wconf 91' lang='lat' dir='ltr'><strong>itti</strong></span> 
     </span>
     <span class='ocr_line' id='line_1_72' title="bbox 1219 1562 2009 1635; baseline -0.022 -5"><span class='ocrx_word' id='word_1_566' title='bbox 1219 1573 1288 1630; x_wconf 88' lang='lat' dir='ltr'><strong>ande</strong></span> <span class='ocrx_word' id='word_1_567' title='bbox 1303 1573 1413 1628; x_wconf 87' lang='lat' dir='ltr'><strong>baberet</strong></span> <span class='ocrx_word' id='word_1_568' title='bbox 1426 1578 1553 1635; x_wconf 91' lang='lat' dir='ltr'><strong>mortern;</strong></span> <span class='ocrx_word' id='word_1_569' title='bbox 1568 1584 1620 1623; x_wconf 89' lang='lat' dir='ltr'><strong>non</strong></span> <span class='ocrx_word' id='word_1_570' title='bbox 1640 1565 1803 1621; x_wconf 86' lang='lat' dir='ltr'><strong>habebamus</strong></span> <span class='ocrx_word' id='word_1_571' title='bbox 1817 1579 1866 1619; x_wconf 86' lang='lat' dir='ltr'><strong>reos</strong></span> <span class='ocrx_word' id='word_1_572' title='bbox 1882 1562 1951 1617; x_wconf 81' lang='lat' dir='ltr'><strong>streete</strong></span> <span class='ocrx_word' id='word_1_573' title='bbox 1962 1564 2009 1615; x_wconf 83' lang='lat' dir='ltr'><strong>ha-</strong></span> 
     </span>
     <span class='ocr_line' id='line_1_73' title="bbox 1217 1654 2009 1732; baseline -0.02 -10"><span class='ocrx_word' id='word_1_574' title='bbox 1217 1664 1342 1722; x_wconf 88' lang='lat' dir='ltr'><strong>beremus</strong></span> <span class='ocrx_word' id='word_1_575' title='bbox 1353 1664 1434 1720; x_wconf 89' lang='lat' dir='ltr'><strong>ritam</strong></span> <span class='ocrx_word' id='word_1_576' title='bbox 1447 1681 1454 1718; x_wconf 79' lang='grc' dir='ltr'>ι</span> <span class='ocrx_word' id='word_1_577' title='bbox 1466 1661 1567 1732; x_wconf 85' lang='lat' dir='ltr'><strong>accepit</strong></span> <span class='ocrx_word' id='word_1_578' title='bbox 1580 1659 1624 1714; x_wconf 89' lang='lat' dir='ltr'><strong>ille</strong></span> <span class='ocrx_word' id='word_1_579' title='bbox 1639 1666 1752 1713; x_wconf 88' lang='lat' dir='ltr'><strong>mortem</strong></span> <span class='ocrx_word' id='word_1_580' title='bbox 1762 1656 1795 1712; x_wconf 88' lang='lat' dir='ltr'><strong>de</strong></span> <span class='ocrx_word' id='word_1_581' title='bbox 1806 1666 1906 1720; x_wconf 83' lang='lat' dir='ltr'><strong>nostro,</strong></span> <span class='ocrx_word' id='word_1_582' title='bbox 1923 1664 1951 1708; x_wconf 91' lang='lat' dir='ltr'><strong>ut</strong></span> <span class='ocrx_word' id='word_1_583' title='bbox 1962 1654 2009 1708; x_wconf 80' lang='lat' dir='ltr'><strong>da-</strong></span> 
     </span>
     <span class='ocr_line' id='line_1_74' title="bbox 1218 1750 2009 1820; baseline -0.013 -5"><span class='ocrx_word' id='word_1_584' title='bbox 1218 1767 1258 1815; x_wconf 87' lang='lat' dir='ltr'><strong>ret</strong></span> <span class='ocrx_word' id='word_1_585' title='bbox 1279 1757 1355 1813; x_wconf 87' lang='lat' dir='ltr'><strong>uobis</strong></span> <span class='ocrx_word' id='word_1_586' title='bbox 1375 1757 1454 1811; x_wconf 86' lang='lat' dir='ltr'><strong>ritum</strong></span> <span class='ocrx_word' id='word_1_587' title='bbox 1475 1755 1510 1810; x_wconf 87' lang='lat' dir='ltr'><strong>de</strong></span> <span class='ocrx_word' id='word_1_588' title='bbox 1533 1770 1591 1809; x_wconf 87' lang='lat' dir='ltr'><strong>sno.</strong></span> <span class='ocrx_word' id='word_1_589' title='bbox 1614 1750 1755 1820; x_wconf 87' lang='lat' dir='ltr'><strong>Quomodo</strong></span> <span class='ocrx_word' id='word_1_590' title='bbox 1773 1750 1817 1806; x_wconf 90' lang='lat' dir='ltr'><strong>illo</strong></span> <span class='ocrx_word' id='word_1_591' title='bbox 1840 1758 1952 1804; x_wconf 84' lang='lat' dir='ltr'><strong>errortcnr</strong></span> <span class='ocrx_word' id='word_1_592' title='bbox 1975 1750 2009 1805; x_wconf 90' lang='lat' dir='ltr'><strong>de</strong></span> 
     </span>
     <span class='ocr_line' id='line_1_75' title="bbox 1218 1840 2007 1920; baseline -0.019 -12"><span class='ocrx_word' id='word_1_593' title='bbox 1218 1850 1327 1908; x_wconf 62' lang='lat' dir='ltr'><strong>nomeu?</strong></span> <span class='ocrx_word' id='word_1_594' title='bbox 1342 1848 1449 1905; x_wconf 81' lang='lat' dir='ltr'><strong>l&#39;eeiam</strong></span> <span class='ocrx_word' id='word_1_595' title='bbox 1461 1865 1520 1902; x_wconf 87' lang='lat' dir='ltr'><strong>caro</strong></span> <span class='ocrx_word' id='word_1_596' title='bbox 1534 1851 1627 1920; x_wconf 73' lang='lat' dir='ltr'><strong>[actam</strong></span> <span class='ocrx_word' id='word_1_597' title='bbox 1641 1856 1694 1912; x_wconf 84' lang='lat' dir='ltr'><strong>cst,</strong></span> <span class='ocrx_word' id='word_1_598' title='bbox 1710 1854 1733 1898; x_wconf 87' lang='lat' dir='ltr'><strong>et</strong></span> <span class='ocrx_word' id='word_1_599' title='bbox 1750 1842 1868 1897; x_wconf 80' lang='lat' dir='ltr'><strong>habitarit</strong></span> <span class='ocrx_word' id='word_1_600' title='bbox 1882 1842 1908 1896; x_wconf 88' lang='lat' dir='ltr'><strong>in</strong></span> <span class='ocrx_word' id='word_1_601' title='bbox 1927 1840 2007 1895; x_wconf 80' lang='lat' dir='ltr'><strong>stolis.</strong></span> 
     </span>
     <span class='ocr_line' id='line_1_76' title="bbox 1219 1932 2006 2011; baseline -0.018 -14"><span class='ocrx_word' id='word_1_602' title='bbox 1219 1943 1328 2011; x_wconf 80' lang='lat' dir='ltr'><strong>Accepit</strong></span> <span class='ocrx_word' id='word_1_603' title='bbox 1342 1941 1404 1995; x_wconf 85' lang='lat' dir='ltr'><strong>lehre</strong></span> <span class='ocrx_word' id='word_1_604' title='bbox 1422 1955 1436 1994; x_wconf 91' lang='lat' dir='ltr'><strong>a</strong></span> <span class='ocrx_word' id='word_1_605' title='bbox 1459 1939 1551 2004; x_wconf 84' lang='lat' dir='ltr'><strong>nobis,</strong></span> <span class='ocrx_word' id='word_1_606' title='bbox 1573 1936 1643 2008; x_wconf 88' lang='lat' dir='ltr'><strong>quod</strong></span> <span class='ocrx_word' id='word_1_607' title='bbox 1656 1935 1763 1992; x_wconf 88' lang='lat' dir='ltr'><strong>ollerret</strong></span> <span class='ocrx_word' id='word_1_608' title='bbox 1780 1950 1829 2006; x_wconf 90' lang='lat' dir='ltr'><strong>pro</strong></span> <span class='ocrx_word' id='word_1_609' title='bbox 1845 1932 1930 1988; x_wconf 80' lang='lat' dir='ltr'><strong>eroiria.</strong></span> <span class='ocrx_word' id='word_1_610' title='bbox 1950 1932 2006 1986; x_wconf 84' lang='lat' dir='ltr'><strong>ilita</strong></span> 
     </span>
     <span class='ocr_line' id='line_1_77' title="bbox 1219 2021 2008 2094; baseline -0.015 -7"><span class='ocrx_word' id='word_1_611' title='bbox 1219 2041 1307 2087; x_wconf 89' lang='lat' dir='ltr'><strong>autem</strong></span> <span class='ocrx_word' id='word_1_612' title='bbox 1317 2028 1487 2085; x_wconf 84' lang='lat' dir='ltr'><strong>undenohisl</strong></span> <span class='ocrx_word' id='word_1_613' title='bbox 1495 2026 1529 2082; x_wconf 81' lang='lat' dir='ltr'><strong>Et</strong></span> <span class='ocrx_word' id='word_1_614' title='bbox 1539 2027 1589 2082; x_wconf 86' lang='lat' dir='ltr'><strong>aito</strong></span> <span class='ocrx_word' id='word_1_615' title='bbox 1599 2034 1650 2080; x_wconf 89' lang='lat' dir='ltr'><strong>erat</strong></span> <span class='ocrx_word' id='word_1_616' title='bbox 1661 2025 1842 2080; x_wconf 82' lang='lat' dir='ltr'><strong>laaleoneinam</strong></span> <span class='ocrx_word' id='word_1_617' title='bbox 1854 2021 1941 2094; x_wconf 85' lang='lat' dir='ltr'><strong>(loarr.</strong></span> <span class='ocrx_word' id='word_1_618' title='bbox 1955 2039 1973 2085; x_wconf 85' lang='grc' dir='ltr'>ι,</span> <span class='ocrx_word' id='word_1_619' title='bbox 1983 2024 2008 2085; x_wconf 86' lang='lat' dir='ltr'><strong>l,</strong></span> 
     </span>
     <span class='ocr_line' id='line_1_78' title="bbox 1219 2115 2010 2194; baseline -0.013 -16"><span class='ocrx_word' id='word_1_620' title='bbox 1219 2120 1269 2188; x_wconf 85' lang='lat' dir='ltr'><strong>tt,</strong></span> <span class='ocrx_word' id='word_1_621' title='bbox 1286 2121 1325 2194; x_wconf 85' lang='lat' dir='ltr'><strong>l).</strong></span> <span class='ocrx_word' id='word_1_622' title='bbox 1349 2121 1408 2192; x_wconf 88' lang='lat' dir='ltr'><strong>lpse</strong></span> <span class='ocrx_word' id='word_1_623' title='bbox 1430 2120 1507 2176; x_wconf 85' lang='lat' dir='ltr'><strong>nobis</strong></span> <span class='ocrx_word' id='word_1_624' title='bbox 1521 2120 1590 2185; x_wconf 86' lang='lat' dir='ltr'><strong>rita,</strong></span> <span class='ocrx_word' id='word_1_625' title='bbox 1606 2132 1654 2174; x_wconf 84' lang='lat' dir='ltr'><strong>nos</strong></span> <span class='ocrx_word' id='word_1_626' title='bbox 1677 2118 1713 2172; x_wconf 89' lang='lat' dir='ltr'><strong>illi</strong></span> <span class='ocrx_word' id='word_1_627' title='bbox 1737 2130 1820 2172; x_wconf 85' lang='lat' dir='ltr'><strong>mors.</strong></span> <span class='ocrx_word' id='word_1_628' title='bbox 1845 2115 1897 2170; x_wconf 87' lang='lat' dir='ltr'><strong>Sed</strong></span> <span class='ocrx_word' id='word_1_629' title='bbox 1923 2116 2010 2185; x_wconf 77' lang='lat' dir='ltr'><strong>peratis</strong></span> 
     </span>
     <span class='ocr_line' id='line_1_79' title="bbox 1220 2206 2011 2283; baseline -0.013 -14"><span class='ocrx_word' id='word_1_630' title='bbox 1220 2214 1309 2270; x_wconf 78' lang='lat' dir='ltr'><strong>morsi</strong></span> <span class='ocrx_word' id='word_1_631' title='bbox 1332 2212 1505 2283; x_wconf 72' lang='lat' dir='ltr'><strong>Dignatione,</strong></span> <span class='ocrx_word' id='word_1_632' title='bbox 1531 2224 1583 2264; x_wconf 86' lang='lat' dir='ltr'><strong>eron</strong></span> <span class='ocrx_word' id='word_1_633' title='bbox 1610 2208 1779 2273; x_wconf 85' lang='lat' dir='ltr'><strong>corrditione;</strong></span> <span class='ocrx_word' id='word_1_634' title='bbox 1801 2208 1862 2277; x_wconf 78' lang='lat' dir='ltr'><strong>eperia</strong></span> <span class='ocrx_word' id='word_1_635' title='bbox 1888 2206 2011 2277; x_wconf 73' lang='lat' dir='ltr'><strong>(liguriens</strong></span> 
     </span>
     <span class='ocr_line' id='line_1_80' title="bbox 1219 2300 2012 2375; baseline -0.016 -14"><span class='ocrx_word' id='word_1_636' title='bbox 1219 2314 1278 2366; x_wconf 57' lang='lat' dir='ltr'><strong>est.</strong></span> <span class='ocrx_word' id='word_1_637' title='bbox 1294 2304 1355 2375; x_wconf 85' lang='lat' dir='ltr'><strong>qttia</strong></span> <span class='ocrx_word' id='word_1_638' title='bbox 1377 2303 1475 2370; x_wconf 84' lang='lat' dir='ltr'><strong>soluit,</strong></span> <span class='ocrx_word' id='word_1_639' title='bbox 1489 2302 1550 2372; x_wconf 82' lang='lat' dir='ltr'><strong>qula</strong></span> <span class='ocrx_word' id='word_1_640' title='bbox 1572 2300 1696 2355; x_wconf 76' lang='lat' dir='ltr'><strong>misertus</strong></span> <span class='ocrx_word' id='word_1_641' title='bbox 1713 2306 1755 2353; x_wconf 90' lang='lat' dir='ltr'><strong>est</strong></span> <span class='ocrx_word' id='word_1_642' title='bbox 1770 2315 1777 2352; x_wconf 94' lang='lat'><strong>:</strong></span> <span class='ocrx_word' id='word_1_643' title='bbox 1793 2306 1924 2370; x_wconf 85' lang='lat' dir='ltr'><strong>potestate</strong></span> <span class='ocrx_word' id='word_1_644' title='bbox 1941 2311 2012 2352; x_wconf 88' lang='lat' dir='ltr'><strong>rnor-</strong></span> 
     </span>
     <span class='ocr_line' id='line_1_81' title="bbox 1221 2388 2011 2463; baseline -0.014 -13"><span class='ocrx_word' id='word_1_645' title='bbox 1221 2404 1282 2451; x_wconf 90' lang='lat' dir='ltr'><strong>tuus</strong></span> <span class='ocrx_word' id='word_1_646' title='bbox 1301 2402 1351 2452; x_wconf 84' lang='lat' dir='ltr'><strong>cst.</strong></span> <span class='ocrx_word' id='word_1_647' title='bbox 1368 2392 1538 2461; x_wconf 82' lang='lat' dir='ltr'><strong>Potestatem,</strong></span> <span class='ocrx_word' id='word_1_648' title='bbox 1556 2393 1655 2463; x_wconf 83' lang='lat' dir='ltr'><strong>ittqttit,</strong></span> <span class='ocrx_word' id='word_1_649' title='bbox 1671 2392 1749 2445; x_wconf 80' lang='lat' dir='ltr'><strong>habco</strong></span> <span class='ocrx_word' id='word_1_650' title='bbox 1772 2388 1883 2459; x_wconf 76' lang='lat' dir='ltr'><strong>proaerrtli</strong></span> <span class='ocrx_word' id='word_1_651' title='bbox 1899 2390 2011 2442; x_wconf 75' lang='lat' dir='ltr'><strong>arsimone</strong></span> 
     </span>
     <span class='ocr_line' id='line_1_82' title="bbox 1222 2478 2011 2557; baseline -0.009 -16"><span class='ocrx_word' id='word_1_652' title='bbox 1222 2504 1319 2551; x_wconf 81' lang='lat' dir='ltr'><strong>necans,</strong></span> <span class='ocrx_word' id='word_1_653' title='bbox 1333 2496 1356 2540; x_wconf 87' lang='lat' dir='ltr'><strong>et</strong></span> <span class='ocrx_word' id='word_1_654' title='bbox 1374 2494 1520 2557; x_wconf 86' lang='lat' dir='ltr'><strong>potestatem</strong></span> <span class='ocrx_word' id='word_1_655' title='bbox 1538 2484 1617 2538; x_wconf 86' lang='lat' dir='ltr'><strong>lraieo</strong></span> <span class='ocrx_word' id='word_1_656' title='bbox 1636 2484 1728 2538; x_wconf 89' lang='lat' dir='ltr'><strong>itcreem</strong></span> <span class='ocrx_word' id='word_1_657' title='bbox 1744 2480 1861 2536; x_wconf 82' lang='lat' dir='ltr'><strong>seniendi</strong></span> <span class='ocrx_word' id='word_1_658' title='bbox 1879 2496 1934 2534; x_wconf 87' lang='lat' dir='ltr'><strong>eoas</strong></span> <span class='ocrx_word' id='word_1_659' title='bbox 1955 2478 2011 2551; x_wconf 89' lang='lat' dir='ltr'><strong>(ld.</strong></span> 
     </span>
     <span class='ocr_line' id='line_1_83' title="bbox 1220 2571 2013 2649; baseline -0.013 -14"><span class='ocrx_word' id='word_1_660' title='bbox 1220 2595 1257 2647; x_wconf 82' lang='lat' dir='ltr'><strong>s,</strong></span> <span class='ocrx_word' id='word_1_661' title='bbox 1274 2577 1329 2649; x_wconf 79' lang='grc'>18).</span> <span class='ocrx_word' id='word_1_662' title='bbox 1346 2578 1401 2633; x_wconf 85' lang='lat' dir='ltr'><strong>lloe</strong></span> <span class='ocrx_word' id='word_1_663' title='bbox 1415 2576 1509 2633; x_wconf 75' lang='lat' dir='ltr'><strong>Patruus</strong></span> <span class='ocrx_word' id='word_1_664' title='bbox 1528 2575 1678 2641; x_wconf 82' lang='lat' dir='ltr'><strong>nesciebat,</strong></span> <span class='ocrx_word' id='word_1_665' title='bbox 1690 2571 1796 2643; x_wconf 83' lang='lat' dir='ltr'><strong>quando</strong></span> <span class='ocrx_word' id='word_1_666' title='bbox 1817 2571 1906 2627; x_wconf 86' lang='lat' dir='ltr'><strong>audita</strong></span> <span class='ocrx_word' id='word_1_667' title='bbox 1927 2581 2013 2625; x_wconf 86' lang='lat' dir='ltr'><strong>morte</strong></span> 
     </span>
     <span class='ocr_line' id='line_1_84' title="bbox 1222 2662 2014 2735; baseline -0.02 -6"><span class='ocrx_word' id='word_1_668' title='bbox 1222 2670 1327 2728; x_wconf 79' lang='lat' dir='ltr'><strong>hairdai</strong></span> <span class='ocrx_word' id='word_1_669' title='bbox 1340 2671 1456 2732; x_wconf 81' lang='lat' dir='ltr'><strong>expauit.</strong></span> <span class='ocrx_word' id='word_1_670' title='bbox 1476 2666 1529 2725; x_wconf 89' lang='lat' dir='ltr'><strong>Sed</strong></span> <span class='ocrx_word' id='word_1_671' title='bbox 1548 2667 1676 2735; x_wconf 79' lang='lat' dir='ltr'><strong>cocejum</strong></span> <span class='ocrx_word' id='word_1_672' title='bbox 1699 2664 1802 2720; x_wconf 81' lang='lat' dir='ltr'><strong>dixerat</strong></span> <span class='ocrx_word' id='word_1_673' title='bbox 1817 2662 1945 2719; x_wconf 61' lang='lat' dir='ltr'><strong>[iserniam</strong></span> <span class='ocrx_word' id='word_1_674' title='bbox 1957 2679 2014 2715; x_wconf 86' lang='grc' dir='ltr'>ιιιυ-</span> 
     </span>
     <span class='ocr_line' id='line_1_85' title="bbox 1223 2754 2015 2828; baseline -0.016 -9"><span class='ocrx_word' id='word_1_675' title='bbox 1223 2764 1335 2819; x_wconf 88' lang='lat' dir='ltr'><strong>ritormn</strong></span> <span class='ocrx_word' id='word_1_676' title='bbox 1349 2778 1395 2828; x_wconf 83' lang='lat' dir='ltr'><strong>se,</strong></span> <span class='ocrx_word' id='word_1_677' title='bbox 1411 2770 1438 2818; x_wconf 89' lang='lat' dir='ltr'><strong>et</strong></span> <span class='ocrx_word' id='word_1_678' title='bbox 1451 2766 1661 2816; x_wconf 81' lang='lat' dir='ltr'><strong>resurrecturum</strong></span> <span class='ocrx_word' id='word_1_679' title='bbox 1682 2756 1758 2811; x_wconf 89' lang='lat' dir='ltr'><strong>tertia</strong></span> <span class='ocrx_word' id='word_1_680' title='bbox 1775 2754 1827 2810; x_wconf 91' lang='lat' dir='ltr'><strong>die.</strong></span> <span class='ocrx_word' id='word_1_681' title='bbox 1842 2754 1951 2809; x_wconf 79' lang='lat' dir='ltr'><strong>Factenn</strong></span> <span class='ocrx_word' id='word_1_682' title='bbox 1973 2762 2015 2806; x_wconf 72' lang='lat' dir='ltr'><strong>cst</strong></span> 
     </span>
     <span class='ocr_line' id='line_1_86' title="bbox 1222 2842 2012 2926; baseline -0.02 -15"><span class='ocrx_word' id='word_1_683' title='bbox 1222 2856 1294 2926; x_wconf 81' lang='lat' dir='ltr'><strong>quod</strong></span> <span class='ocrx_word' id='word_1_684' title='bbox 1320 2853 1495 2925; x_wconf 77' lang='lat' dir='ltr'><strong>praedixerat,</strong></span> <span class='ocrx_word' id='word_1_685' title='bbox 1511 2858 1538 2906; x_wconf 94' lang='lat' dir='ltr'><strong>et</strong></span> <span class='ocrx_word' id='word_1_686' title='bbox 1558 2864 1610 2906; x_wconf 90' lang='lat' dir='ltr'><strong>non</strong></span> <span class='ocrx_word' id='word_1_687' title='bbox 1632 2846 1776 2904; x_wconf 75' lang='lat' dir='ltr'><strong>eralebant</strong></span> <span class='ocrx_word' id='word_1_688' title='bbox 1798 2845 1842 2915; x_wconf 84' lang='lat' dir='ltr'><strong>qrri</strong></span> <span class='ocrx_word' id='word_1_689' title='bbox 1864 2842 2012 2898; x_wconf 87' lang='lat' dir='ltr'><strong>audierant.</strong></span> 
     </span>
     <span class='ocr_line' id='line_1_87' title="bbox 1224 2936 2015 3016; baseline -0.021 -14"><span class='ocrx_word' id='word_1_690' title='bbox 1224 2944 1292 3002; x_wconf 83' lang='lat' dir='ltr'><strong>Ecce</strong></span> <span class='ocrx_word' id='word_1_691' title='bbox 1315 2945 1372 3016; x_wconf 76' lang='lat' dir='ltr'><strong>jaree</strong></span> <span class='ocrx_word' id='word_1_692' title='bbox 1400 2943 1511 2998; x_wconf 85' lang='lat' dir='ltr'><strong>triduam</strong></span> <span class='ocrx_word' id='word_1_693' title='bbox 1537 2949 1590 3008; x_wconf 91' lang='lat' dir='ltr'><strong>est,</strong></span> <span class='ocrx_word' id='word_1_694' title='bbox 1610 2954 1643 2994; x_wconf 82' lang='lat' dir='ltr'><strong>ea</strong></span> <span class='ocrx_word' id='word_1_695' title='bbox 1664 2955 1713 3009; x_wconf 76' lang='lat' dir='ltr'><strong>peto</strong></span> <span class='ocrx_word' id='word_1_696' title='bbox 1738 2937 1788 2991; x_wconf 84' lang='lat' dir='ltr'><strong>leta</strong></span> <span class='ocrx_word' id='word_1_697' title='bbox 1807 2936 1873 3005; x_wconf 74' lang='lat' dir='ltr'><strong>[acta</strong></span> <span class='ocrx_word' id='word_1_698' title='bbox 1895 2943 1970 2995; x_wconf 84' lang='lat' dir='ltr'><strong>saret;</strong></span> <span class='ocrx_word' id='word_1_699' title='bbox 1991 2942 2015 2988; x_wconf 86' lang='lat' dir='ltr'><strong>et</strong></span> 
     </span>
     <span class='ocr_line' id='line_1_88' title="bbox 1223 3020 2015 3106; baseline -0.019 -15"><span class='ocrx_word' id='word_1_700' title='bbox 1223 3052 1270 3091; x_wconf 86' lang='lat' dir='ltr'><strong>reos</strong></span> <span class='ocrx_word' id='word_1_701' title='bbox 1298 3033 1448 3106; x_wconf 75' lang='lat' dir='ltr'><strong>putabamus</strong></span> <span class='ocrx_word' id='word_1_702' title='bbox 1474 3032 1533 3103; x_wconf 77' lang='lat' dir='ltr'><strong>quia</strong></span> <span class='ocrx_word' id='word_1_703' title='bbox 1556 3029 1612 3101; x_wconf 84' lang='lat' dir='ltr'><strong>ipss</strong></span> <span class='ocrx_word' id='word_1_704' title='bbox 1640 3039 1703 3083; x_wconf 85' lang='lat' dir='ltr'><strong>esset</strong></span> <span class='ocrx_word' id='word_1_705' title='bbox 1731 3026 1906 3094; x_wconf 82' lang='lat' dir='ltr'><strong>redempturae</strong></span> <span class='ocrx_word' id='word_1_706' title='bbox 1932 3020 2015 3076; x_wconf 85' lang='lat' dir='ltr'><strong>lsrael</strong></span> 
     </span>
     <span class='ocr_line' id='line_1_89' title="bbox 1225 3112 2015 3199; baseline -0.023 -16"><span class='ocrx_word' id='word_1_707' title='bbox 1225 3127 1309 3199; x_wconf 80' lang='lat' dir='ltr'><strong>(tac.</strong></span> <span class='ocrx_word' id='word_1_708' title='bbox 1332 3142 1411 3191; x_wconf 80' lang='lat' dir='ltr'><strong>sarr,</strong></span> <span class='ocrx_word' id='word_1_709' title='bbox 1425 3122 1491 3195; x_wconf 72' lang='grc' dir='ltr'><strong>ιιι).</strong></span> <span class='ocrx_word' id='word_1_710' title='bbox 1519 3121 1690 3193; x_wconf 86' lang='lat' dir='ltr'><strong>Sperabatis,</strong></span> <span class='ocrx_word' id='word_1_711' title='bbox 1709 3117 1764 3187; x_wconf 84' lang='lat' dir='ltr'><strong>jam</strong></span> <span class='ocrx_word' id='word_1_712' title='bbox 1793 3112 1960 3184; x_wconf 78' lang='lat' dir='ltr'><strong>desperatis?</strong></span> <span class='ocrx_word' id='word_1_713' title='bbox 1982 3112 2015 3166; x_wconf 89' lang='lat' dir='ltr'><strong>de</strong></span> 
     </span>
     <span class='ocr_line' id='line_1_90' title="bbox 1226 3204 2014 3290; baseline -0.024 -13"><span class='ocrx_word' id='word_1_714' title='bbox 1226 3234 1273 3290; x_wconf 86' lang='lat' dir='ltr'><strong>spa</strong></span> <span class='ocrx_word' id='word_1_715' title='bbox 1299 3216 1450 3276; x_wconf 78' lang='lat' dir='ltr'><strong>cecidistis?</strong></span> <span class='ocrx_word' id='word_1_716' title='bbox 1471 3215 1555 3270; x_wconf 83' lang='lat' dir='ltr'><strong>Levat</strong></span> <span class='ocrx_word' id='word_1_717' title='bbox 1576 3227 1624 3268; x_wconf 86' lang='lat' dir='ltr'><strong>ros</strong></span> <span class='ocrx_word' id='word_1_718' title='bbox 1648 3210 1692 3281; x_wconf 83' lang='lat' dir='ltr'><strong>apri</strong></span> <span class='ocrx_word' id='word_1_719' title='bbox 1721 3209 1856 3265; x_wconf 81' lang='lat' dir='ltr'><strong>nobiscnm</strong></span> <span class='ocrx_word' id='word_1_720' title='bbox 1885 3204 2014 3259; x_wconf 83' lang='lat' dir='ltr'><strong>ambulat.</strong></span> 
     </span>
     <span class='ocr_line' id='line_1_91' title="bbox 1226 3298 2014 3387; baseline -0.028 -16"><span class='ocrx_word' id='word_1_721' title='bbox 1226 3312 1353 3385; x_wconf 81' lang='lat' dir='ltr'><strong>Discipuli</strong></span> <span class='ocrx_word' id='word_1_722' title='bbox 1366 3319 1451 3387; x_wconf 77' lang='lat' dir='ltr'><strong>crant,</strong></span> <span class='ocrx_word' id='word_1_723' title='bbox 1466 3308 1551 3379; x_wconf 87' lang='lat' dir='ltr'><strong>ipsum</strong></span> <span class='ocrx_word' id='word_1_724' title='bbox 1566 3304 1719 3367; x_wconf 87' lang='lat' dir='ltr'><strong>audierant,</strong></span> <span class='ocrx_word' id='word_1_725' title='bbox 1734 3315 1794 3355; x_wconf 84' lang='lat' dir='ltr'><strong>ceren</strong></span> <span class='ocrx_word' id='word_1_726' title='bbox 1808 3299 1865 3368; x_wconf 85' lang='lat' dir='ltr'><strong>ipso</strong></span> <span class='ocrx_word' id='word_1_727' title='bbox 1880 3298 2014 3357; x_wconf 77' lang='lat' dir='ltr'><strong>riserant.</strong></span> 
     </span>
     <span class='ocr_line' id='line_1_92' title="bbox 1226 3389 2017 3478; baseline -0.029 -16"><span class='ocrx_word' id='word_1_728' title='bbox 1226 3408 1382 3478; x_wconf 76' lang='lat' dir='ltr'><strong>magistrum</strong></span> <span class='ocrx_word' id='word_1_729' title='bbox 1398 3403 1484 3473; x_wconf 85' lang='lat' dir='ltr'><strong>ipsum</strong></span> <span class='ocrx_word' id='word_1_730' title='bbox 1499 3406 1637 3460; x_wconf 82' lang='lat' dir='ltr'><strong>erorcrsnt.</strong></span> <span class='ocrx_word' id='word_1_731' title='bbox 1649 3396 1683 3449; x_wconf 92' lang='lat' dir='ltr'><strong>ab</strong></span> <span class='ocrx_word' id='word_1_732' title='bbox 1697 3393 1742 3448; x_wconf 91' lang='lat' dir='ltr'><strong>illo</strong></span> <span class='ocrx_word' id='word_1_733' title='bbox 1755 3389 1875 3447; x_wconf 86' lang='lat' dir='ltr'><strong>ltrstruoti</strong></span> <span class='ocrx_word' id='word_1_734' title='bbox 1890 3398 1976 3452; x_wconf 85' lang='lat' dir='ltr'><strong>oraret,</strong></span> <span class='ocrx_word' id='word_1_735' title='bbox 1989 3396 2017 3442; x_wconf 89' lang='lat' dir='ltr'><strong>et</strong></span> 
     </span>
     <span class='ocr_line' id='line_1_93' title="bbox 1226 3479 2015 3566; baseline -0.028 -14"><span class='ocrx_word' id='word_1_736' title='bbox 1226 3512 1280 3553; x_wconf 88' lang='lat' dir='ltr'><strong>non</strong></span> <span class='ocrx_word' id='word_1_737' title='bbox 1293 3502 1437 3566; x_wconf 89' lang='lat' dir='ltr'><strong>potuerant</strong></span> <span class='ocrx_word' id='word_1_738' title='bbox 1450 3490 1546 3546; x_wconf 80' lang='lat' dir='ltr'><strong>territari</strong></span> <span class='ocrx_word' id='word_1_739' title='bbox 1567 3498 1594 3544; x_wconf 90' lang='lat' dir='ltr'><strong>et</strong></span> <span class='ocrx_word' id='word_1_740' title='bbox 1613 3486 1711 3541; x_wconf 87' lang='lat' dir='ltr'><strong>habere</strong></span> <span class='ocrx_word' id='word_1_741' title='bbox 1734 3480 1813 3537; x_wconf 88' lang='lat' dir='ltr'><strong>ddem</strong></span> <span class='ocrx_word' id='word_1_742' title='bbox 1828 3479 1936 3534; x_wconf 84' lang='lat' dir='ltr'><strong>latronis</strong></span> <span class='ocrx_word' id='word_1_743' title='bbox 1951 3494 2015 3548; x_wconf 74' lang='lat' dir='ltr'><strong>pecn-</strong></span> 
     </span>
    </p>
   </div>
   <div class='ocr_carea' id='block_1_9' title="bbox 1227 3584 2016 3761">
    <p class='ocr_par' dir='ltr' id='par_1_10' title="bbox 1227 3584 2016 3761">
     <span class='ocr_line' id='line_1_94' title="bbox 1227 3584 1461 3646; baseline -0.038 1"><span class='ocrx_word' id='word_1_744' title='bbox 1227 3588 1314 3646; x_wconf 88' lang='lat' dir='ltr'><strong>dcntis</strong></span> <span class='ocrx_word' id='word_1_745' title='bbox 1326 3587 1352 3641; x_wconf 92' lang='lat' dir='ltr'><strong>in</strong></span> <span class='ocrx_word' id='word_1_746' title='bbox 1366 3584 1461 3641; x_wconf 84' lang='lat' dir='ltr'><strong>cretea!</strong></span> 
     </span>
     <span class='ocr_line' id='line_1_95' title="bbox 1263 3691 2016 3761; baseline -0.037 -1"><span class='ocrx_word' id='word_1_747' title='bbox 1263 3700 1375 3760; x_wconf 76' lang='lat' dir='ltr'><strong>attur</strong></span> <span class='ocrx_word' id='word_1_748' title='bbox 1391 3699 1433 3753; x_wconf 82' lang='lat' dir='ltr'><strong>i&#39;l.</strong></span> <span class='ocrx_word' id='word_1_749' title='bbox 1447 3696 1518 3752; x_wconf 78' lang='lat' dir='ltr'><strong>-b.</strong></span> <span class='ocrx_word' id='word_1_750' title='bbox 1533 3694 1651 3751; x_wconf 81' lang='lat' dir='ltr'><strong>Latronis</strong></span> <span class='ocrx_word' id='word_1_751' title='bbox 1664 3691 1727 3761; x_wconf 73' lang='lat' dir='ltr'><strong>fides</strong></span> <span class='ocrx_word' id='word_1_752' title='bbox 1741 3703 1816 3757; x_wconf 81' lang='lat' dir='ltr'><strong>qaam</strong></span> <span class='ocrx_word' id='word_1_753' title='bbox 1838 3702 1946 3756; x_wconf 73' lang='lat' dir='ltr'><strong>niceana,</strong></span> <span class='ocrx_word' id='word_1_754' title='bbox 1960 3700 2016 3736; x_wconf 85' lang='lat' dir='ltr'><strong>arsen</strong></span> 
     </span>
    </p>
   </div>
   <div class='ocr_carea' id='block_1_10' title="bbox 1227 3774 2019 3961">
    <p class='ocr_par' dir='ltr' id='par_1_11' title="bbox 1227 3774 2019 3961">
     <span class='ocr_line' id='line_1_96' title="bbox 1231 3774 2018 3862; baseline -0.032 -9"><span class='ocrx_word' id='word_1_755' title='bbox 1231 3797 1338 3852; x_wconf 76' lang='lat' dir='ltr'><strong>raretum</strong></span> <span class='ocrx_word' id='word_1_756' title='bbox 1366 3790 1494 3862; x_wconf 82' lang='lat' dir='ltr'><strong>discipali.</strong></span> <span class='ocrx_word' id='word_1_757' title='bbox 1509 3787 1561 3844; x_wconf 88' lang='lat' dir='ltr'><strong>Sed</strong></span> <span class='ocrx_word' id='word_1_758' title='bbox 1585 3785 1653 3840; x_wconf 83' lang='lat' dir='ltr'><strong>lacte</strong></span> <span class='ocrx_word' id='word_1_759' title='bbox 1667 3781 1747 3851; x_wconf 83' lang='lat' dir='ltr'><strong>aliqui</strong></span> <span class='ocrx_word' id='word_1_760' title='bbox 1763 3786 1877 3835; x_wconf 87' lang='lat' dir='ltr'><strong>restrum</strong></span> <span class='ocrx_word' id='word_1_761' title='bbox 1898 3774 2018 3830; x_wconf 74' lang='lat' dir='ltr'><strong>recutiunt</strong></span> 
     </span>
     <span class='ocr_line' id='line_1_97' title="bbox 1227 3869 2019 3961; baseline -0.035 -17"><span class='ocrx_word' id='word_1_762' title='bbox 1227 3888 1298 3961; x_wconf 79' lang='lat' dir='ltr'><strong>quod</strong></span> <span class='ocrx_word' id='word_1_763' title='bbox 1309 3885 1362 3941; x_wconf 87' lang='lat' dir='ltr'><strong>dieti</strong></span> <span class='ocrx_word' id='word_1_764' title='bbox 1376 3884 1411 3938; x_wconf 90' lang='lat' dir='ltr'><strong>de</strong></span> <span class='ocrx_word' id='word_1_765' title='bbox 1426 3884 1539 3946; x_wconf 89' lang='lat' dir='ltr'><strong>latrone,</strong></span> <span class='ocrx_word' id='word_1_766' title='bbox 1553 3892 1605 3932; x_wconf 89' lang='lat' dir='ltr'><strong>aon</strong></span> <span class='ocrx_word' id='word_1_767' title='bbox 1620 3872 1752 3929; x_wconf 77' lang='lat' dir='ltr'><strong>attaliendo</strong></span> <span class='ocrx_word' id='word_1_768' title='bbox 1763 3869 1912 3941; x_wconf 86' lang='lat' dir='ltr'><strong>passionem</strong></span> <span class='ocrx_word' id='word_1_769' title='bbox 1923 3879 2019 3919; x_wconf 81' lang='lat' dir='ltr'><strong>serun-</strong></span> 
     </span>
    </p>
   </div>
   <div class='ocr_carea' id='block_1_11' title="bbox 1228 3956 2121 4042">
    <p class='ocr_par' dir='ltr' id='par_1_12' title="bbox 1228 3956 2121 4042">
     <span class='ocr_line' id='line_1_98' title="bbox 1228 3956 2121 4042; baseline -0.039 -4"><span class='ocrx_word' id='word_1_770' title='bbox 1228 3982 1291 4038; x_wconf 93' lang='lat' dir='ltr'><strong>dum</strong></span> <span class='ocrx_word' id='word_1_771' title='bbox 1307 3990 1401 4033; x_wconf 86' lang='lat' dir='ltr'><strong>orireres</strong></span> <span class='ocrx_word' id='word_1_772' title='bbox 1412 3971 1603 4042; x_wconf 82' lang='lat' dir='ltr'><strong>Erangclistas.</strong></span> <span class='ocrx_word' id='word_1_773' title='bbox 1619 3966 1670 4022; x_wconf 83' lang='lat' dir='ltr'><strong>iste</strong></span> <span class='ocrx_word' id='word_1_774' title='bbox 1682 3959 1920 4030; x_wconf 69' lang='lat' dir='ltr'><strong>enimerangelista</strong></span> <span class='ocrx_word' id='word_1_775' title='bbox 1934 3956 2019 4009; x_wconf 86' lang='lat' dir='ltr'><strong>lmcas</strong></span> <span class='ocrx_word' id='word_1_776' title='bbox 2119 3970 2121 3975; x_wconf 95' lang='lat'>·</span> 
     </span>
    </p>
   </div>
   <div class='ocr_carea' id='block_1_12' title="bbox 1230 4043 2033 5976">
    <p class='ocr_par' dir='ltr' id='par_1_13' title="bbox 1230 4043 2033 5976">
     <span class='ocr_line' id='line_1_99' title="bbox 1230 4043 2020 4138; baseline -0.038 -10"><span class='ocrx_word' id='word_1_777' title='bbox 1230 4069 1349 4128; x_wconf 78' lang='lat' dir='ltr'><strong>tractarit</strong></span> <span class='ocrx_word' id='word_1_778' title='bbox 1368 4064 1439 4138; x_wconf 89' lang='lat' dir='ltr'><strong>quod</strong></span> <span class='ocrx_word' id='word_1_779' title='bbox 1462 4064 1533 4120; x_wconf 90' lang='lat' dir='ltr'><strong>dico.</strong></span> <span class='ocrx_word' id='word_1_780' title='bbox 1554 4059 1620 4128; x_wconf 77' lang='lat' dir='ltr'><strong>Quoia</strong></span> <span class='ocrx_word' id='word_1_781' title='bbox 1634 4057 1687 4113; x_wconf 91' lang='lat' dir='ltr'><strong>duo</strong></span> <span class='ocrx_word' id='word_1_782' title='bbox 1701 4055 1818 4111; x_wconf 85' lang='lat' dir='ltr'><strong>latrones</strong></span> <span class='ocrx_word' id='word_1_783' title='bbox 1830 4043 1947 4106; x_wconf 82' lang='lat' dir='ltr'><strong>erucillsi</strong></span> <span class='ocrx_word' id='word_1_784' title='bbox 1959 4054 2020 4099; x_wconf 83' lang='lat' dir='ltr'><strong>street</strong></span> 
     </span>
     <span class='ocr_line' id='line_1_100' title="bbox 1230 4137 2020 4227; baseline -0.038 -6"><span class='ocrx_word' id='word_1_785' title='bbox 1230 4137 2020 4227; x_wconf 64' lang='lat' dir='ltr'><strong>cuntChristo,diaithocetblattina-ustilatae.serenabit</strong></span> 
     </span>
     <span class='ocr_line' id='line_1_101' title="bbox 1230 4234 2022 4313; baseline -0.035 -1"><span class='ocrx_word' id='word_1_786' title='bbox 1230 4255 1278 4311; x_wconf 82' lang='lat' dir='ltr'><strong>sod</strong></span> <span class='ocrx_word' id='word_1_787' title='bbox 1293 4266 1361 4307; x_wconf 77' lang='lat' dir='ltr'><strong>uteres</strong></span> <span class='ocrx_word' id='word_1_788' title='bbox 1372 4264 1466 4306; x_wconf 88' lang='lat' dir='ltr'><strong>cortem</strong></span> <span class='ocrx_word' id='word_1_789' title='bbox 1480 4248 1613 4303; x_wconf 84' lang='lat' dir='ltr'><strong>latronum</strong></span> <span class='ocrx_word' id='word_1_790' title='bbox 1627 4241 1688 4313; x_wconf 78' lang='lat' dir='ltr'><strong>quoia</strong></span> <span class='ocrx_word' id='word_1_791' title='bbox 1703 4235 1839 4294; x_wconf 88' lang='lat' dir='ltr'><strong>insultarit</strong></span> <span class='ocrx_word' id='word_1_792' title='bbox 1852 4234 1979 4297; x_wconf 77' lang='lat' dir='ltr'><strong>Donum,</strong></span> <span class='ocrx_word' id='word_1_793' title='bbox 1993 4239 2022 4284; x_wconf 88' lang='lat' dir='ltr'><strong>ut</strong></span> 
     </span>
     <span class='ocr_line' id='line_1_102' title="bbox 1232 4326 2021 4411; baseline -0.027 -10"><span class='ocrx_word' id='word_1_794' title='bbox 1232 4345 1298 4401; x_wconf 87' lang='lat' dir='ltr'><strong>alter</strong></span> <span class='ocrx_word' id='word_1_795' title='bbox 1309 4357 1401 4399; x_wconf 88' lang='lat' dir='ltr'><strong>corum</strong></span> <span class='ocrx_word' id='word_1_796' title='bbox 1413 4339 1474 4411; x_wconf 87' lang='lat' dir='ltr'><strong>quia</strong></span> <span class='ocrx_word' id='word_1_797' title='bbox 1487 4335 1601 4392; x_wconf 87' lang='lat' dir='ltr'><strong>credidit</strong></span> <span class='ocrx_word' id='word_1_798' title='bbox 1613 4333 1641 4388; x_wconf 89' lang='lat' dir='ltr'><strong>ia</strong></span> <span class='ocrx_word' id='word_1_799' title='bbox 1654 4330 1802 4394; x_wconf 82' lang='lat' dir='ltr'><strong>Cleristum,</strong></span> <span class='ocrx_word' id='word_1_800' title='bbox 1815 4326 1953 4382; x_wconf 73' lang='lat' dir='ltr'><strong>ileettlrmns</strong></span> <span class='ocrx_word' id='word_1_801' title='bbox 1969 4341 2021 4381; x_wconf 81' lang='lat' dir='ltr'><strong>raon</strong></span> 
     </span>
     <span class='ocr_line' id='line_1_103' title="bbox 1230 4418 2021 4498; baseline -0.029 -6"><span class='ocrx_word' id='word_1_802' title='bbox 1230 4435 1316 4498; x_wconf 84' lang='lat' dir='ltr'><strong>disit,</strong></span> <span class='ocrx_word' id='word_1_803' title='bbox 1337 4432 1422 4490; x_wconf 75' lang='lat' dir='ltr'><strong>tucos</strong></span> <span class='ocrx_word' id='word_1_804' title='bbox 1436 4429 1513 4485; x_wconf 84' lang='lat' dir='ltr'><strong>elisit.</strong></span> <span class='ocrx_word' id='word_1_805' title='bbox 1528 4425 1687 4482; x_wconf 64' lang='lat' dir='ltr'><strong>{bertiannus</strong></span> <span class='ocrx_word' id='word_1_806' title='bbox 1701 4421 1779 4476; x_wconf 85' lang='lat' dir='ltr'><strong>iidem</strong></span> <span class='ocrx_word' id='word_1_807' title='bbox 1800 4418 1928 4483; x_wconf 85' lang='lat' dir='ltr'><strong>latronis,</strong></span> <span class='ocrx_word' id='word_1_808' title='bbox 1942 4433 2021 4487; x_wconf 76' lang='lat' dir='ltr'><strong>queam</strong></span> 
     </span>
     <span class='ocr_line' id='line_1_104' title="bbox 1231 4511 2023 4594; baseline -0.032 -3"><span class='ocrx_word' id='word_1_809' title='bbox 1231 4550 1285 4590; x_wconf 87' lang='lat' dir='ltr'><strong>aon</strong></span> <span class='ocrx_word' id='word_1_810' title='bbox 1299 4528 1400 4586; x_wconf 81' lang='lat' dir='ltr'><strong>irnenit</strong></span> <span class='ocrx_word' id='word_1_811' title='bbox 1410 4525 1532 4582; x_wconf 84' lang='lat' dir='ltr'><strong>Christus</strong></span> <span class='ocrx_word' id='word_1_812' title='bbox 1543 4530 1604 4594; x_wconf 89' lang='lat' dir='ltr'><strong>post</strong></span> <span class='ocrx_word' id='word_1_813' title='bbox 1615 4516 1836 4575; x_wconf 82' lang='lat' dir='ltr'><strong>resurrectionem</strong></span> <span class='ocrx_word' id='word_1_814' title='bbox 1850 4513 1876 4567; x_wconf 92' lang='lat' dir='ltr'><strong>in</strong></span> <span class='ocrx_word' id='word_1_815' title='bbox 1886 4511 2023 4581; x_wconf 74' lang='lat' dir='ltr'><strong>decipulis</strong></span> 
     </span>
     <span class='ocr_line' id='line_1_105' title="bbox 1231 4602 2021 4682; baseline -0.032 -1"><span class='ocrx_word' id='word_1_816' title='bbox 1231 4625 1297 4682; x_wconf 83' lang='lat' dir='ltr'><strong>suis.</strong></span> <span class='ocrx_word' id='word_1_817' title='bbox 1311 4618 1447 4678; x_wconf 81' lang='lat' dir='ltr'><strong>Pcrrdebat</strong></span> <span class='ocrx_word' id='word_1_818' title='bbox 1460 4618 1486 4671; x_wconf 91' lang='lat' dir='ltr'><strong>in</strong></span> <span class='ocrx_word' id='word_1_819' title='bbox 1499 4628 1580 4670; x_wconf 90' lang='lat' dir='ltr'><strong>cruce</strong></span> <span class='ocrx_word' id='word_1_820' title='bbox 1594 4612 1730 4673; x_wconf 79' lang='lat' dir='ltr'><strong>Christus,</strong></span> <span class='ocrx_word' id='word_1_821' title='bbox 1744 4604 1876 4678; x_wconf 86' lang='lat' dir='ltr'><strong>pendebat</strong></span> <span class='ocrx_word' id='word_1_822' title='bbox 1889 4611 1916 4659; x_wconf 91' lang='lat' dir='ltr'><strong>ct</strong></span> <span class='ocrx_word' id='word_1_823' title='bbox 1936 4602 2021 4658; x_wconf 87' lang='lat' dir='ltr'><strong>latro:</strong></span> 
     </span>
     <span class='ocr_line' id='line_1_106' title="bbox 1233 4692 2024 4774; baseline -0.029 -3"><span class='ocrx_word' id='word_1_824' title='bbox 1233 4718 1260 4771; x_wconf 91' lang='lat' dir='ltr'><strong>in</strong></span> <span class='ocrx_word' id='word_1_825' title='bbox 1273 4713 1362 4770; x_wconf 85' lang='lat' dir='ltr'><strong>taedio</strong></span> <span class='ocrx_word' id='word_1_826' title='bbox 1375 4710 1438 4774; x_wconf 84' lang='lat' dir='ltr'><strong>ille,</strong></span> <span class='ocrx_word' id='word_1_827' title='bbox 1453 4707 1491 4763; x_wconf 88' lang='lat' dir='ltr'><strong>iili</strong></span> <span class='ocrx_word' id='word_1_828' title='bbox 1511 4721 1526 4761; x_wconf 91' lang='lat' dir='ltr'><strong>a</strong></span> <span class='ocrx_word' id='word_1_829' title='bbox 1548 4701 1685 4759; x_wconf 84' lang='lat' dir='ltr'><strong>lateribus.</strong></span> <span class='ocrx_word' id='word_1_830' title='bbox 1711 4698 1822 4753; x_wconf 82' lang='lat' dir='ltr'><strong>insultat</strong></span> <span class='ocrx_word' id='word_1_831' title='bbox 1845 4710 1926 4756; x_wconf 77' lang='lat' dir='ltr'><strong>untia,</strong></span> <span class='ocrx_word' id='word_1_832' title='bbox 1940 4692 2024 4749; x_wconf 73' lang='lat' dir='ltr'><strong>credlt</strong></span> 
     </span>
     <span class='ocr_line' id='line_1_107' title="bbox 1231 4784 2023 4874; baseline -0.032 -12"><span class='ocrx_word' id='word_1_833' title='bbox 1231 4807 1309 4867; x_wconf 85' lang='lat' dir='ltr'><strong>alter.</strong></span> <span class='ocrx_word' id='word_1_834' title='bbox 1323 4802 1425 4874; x_wconf 83' lang='lat' dir='ltr'><strong>judicat</strong></span> <span class='ocrx_word' id='word_1_835' title='bbox 1447 4797 1551 4853; x_wconf 85' lang='lat' dir='ltr'><strong>nratlius</strong></span> <span class='ocrx_word' id='word_1_836' title='bbox 1574 4792 1691 4850; x_wconf 84' lang='lat' dir='ltr'><strong>illeille</strong></span> <span class='ocrx_word' id='word_1_837' title='bbox 1714 4791 1784 4845; x_wconf 91' lang='lat' dir='ltr'><strong>enirn</strong></span> <span class='ocrx_word' id='word_1_838' title='bbox 1798 4786 1842 4857; x_wconf 84' lang='lat' dir='ltr'><strong>qui</strong></span> <span class='ocrx_word' id='word_1_839' title='bbox 1864 4784 2023 4849; x_wconf 84' lang='lat' dir='ltr'><strong>isrsultabat,</strong></span> 
     </span>
     <span class='ocr_line' id='line_1_108' title="bbox 1234 4875 2024 4955; baseline -0.034 -1"><span class='ocrx_word' id='word_1_840' title='bbox 1234 4898 1286 4955; x_wconf 89' lang='lat' dir='ltr'><strong>hoe</strong></span> <span class='ocrx_word' id='word_1_841' title='bbox 1298 4897 1364 4952; x_wconf 80' lang='lat' dir='ltr'><strong>dixit</strong></span> <span class='ocrx_word' id='word_1_842' title='bbox 1378 4913 1385 4950; x_wconf 75' lang='grc' dir='ltr'><em>τ</em></span> <span class='ocrx_word' id='word_1_843' title='bbox 1401 4893 1431 4949; x_wconf 86' lang='lat' dir='ltr'><strong>Si</strong></span> <span class='ocrx_word' id='word_1_844' title='bbox 1442 4890 1526 4946; x_wconf 85' lang='lat' dir='ltr'><strong>Filius</strong></span> <span class='ocrx_word' id='word_1_845' title='bbox 1546 4888 1596 4943; x_wconf 83' lang='lat' dir='ltr'><strong>Dei</strong></span> <span class='ocrx_word' id='word_1_846' title='bbox 1606 4903 1648 4951; x_wconf 88' lang='lat' dir='ltr'><strong>cs,</strong></span> <span class='ocrx_word' id='word_1_847' title='bbox 1664 4884 1742 4938; x_wconf 80' lang='lat' dir='ltr'><strong>libera</strong></span> <span class='ocrx_word' id='word_1_848' title='bbox 1755 4891 1787 4936; x_wconf 90' lang='lat' dir='ltr'><strong>te.</strong></span> <span class='ocrx_word' id='word_1_849' title='bbox 1803 4879 1836 4935; x_wconf 76' lang='lat' dir='ltr'><strong>Et</strong></span> <span class='ocrx_word' id='word_1_850' title='bbox 1849 4878 1917 4934; x_wconf 84' lang='lat' dir='ltr'><strong>alius</strong></span> <span class='ocrx_word' id='word_1_851' title='bbox 1937 4875 1970 4932; x_wconf 88' lang='lat' dir='ltr'><strong>ad</strong></span> <span class='ocrx_word' id='word_1_852' title='bbox 1993 4876 2024 4929; x_wconf 90' lang='lat' dir='ltr'><strong>tt-</strong></span> 
     </span>
     <span class='ocr_line' id='line_1_109' title="bbox 1233 4973 2027 5046; baseline -0.034 0"><span class='ocrx_word' id='word_1_853' title='bbox 1233 4991 1287 5046; x_wconf 88' lang='lat' dir='ltr'><strong>lum</strong></span> <span class='ocrx_word' id='word_1_854' title='bbox 1301 5004 1308 5041; x_wconf 80' lang='grc' dir='ltr'>ι</span> <span class='ocrx_word' id='word_1_855' title='bbox 1323 4986 1362 5045; x_wconf 81' lang='lat' dir='ltr'><strong>Tre</strong></span> <span class='ocrx_word' id='word_1_856' title='bbox 1373 5003 1423 5041; x_wconf 89' lang='lat' dir='ltr'><strong>non</strong></span> <span class='ocrx_word' id='word_1_857' title='bbox 1435 4985 1507 5038; x_wconf 84' lang='lat' dir='ltr'><strong>lienes</strong></span> <span class='ocrx_word' id='word_1_858' title='bbox 1519 4980 1611 5035; x_wconf 83' lang='lat' dir='ltr'><strong>lleetm.</strong></span> <span class='ocrx_word' id='word_1_859' title='bbox 1631 4977 1662 5031; x_wconf 88' lang='lat' dir='ltr'><strong>Si</strong></span> <span class='ocrx_word' id='word_1_860' title='bbox 1679 4991 1725 5030; x_wconf 92' lang='lat' dir='ltr'><strong>nos</strong></span> <span class='ocrx_word' id='word_1_861' title='bbox 1745 4982 1847 5045; x_wconf 84' lang='lat' dir='ltr'><strong>propter</strong></span> <span class='ocrx_word' id='word_1_862' title='bbox 1859 4973 1926 5043; x_wconf 72' lang='lat' dir='ltr'><strong>facta</strong></span> <span class='ocrx_word' id='word_1_863' title='bbox 1940 4977 2027 5022; x_wconf 79' lang='lat' dir='ltr'><strong>erosae</strong></span> 
     </span>
     <span class='ocr_line' id='line_1_110' title="bbox 1234 5059 2024 5151; baseline -0.03 -15"><span class='ocrx_word' id='word_1_864' title='bbox 1234 5082 1322 5137; x_wconf 86' lang='lat' dir='ltr'><strong>aterito</strong></span> <span class='ocrx_word' id='word_1_865' title='bbox 1333 5079 1454 5151; x_wconf 81' lang='lat' dir='ltr'><strong>patimur,</strong></span> <span class='ocrx_word' id='word_1_866' title='bbox 1468 5075 1522 5147; x_wconf 77' lang='lat' dir='ltr'><strong>ipse</strong></span> <span class='ocrx_word' id='word_1_867' title='bbox 1534 5071 1594 5143; x_wconf 82' lang='lat' dir='ltr'><strong>periei</strong></span> <span class='ocrx_word' id='word_1_868' title='bbox 1606 5067 1684 5140; x_wconf 77' lang='lat' dir='ltr'><strong>secitl</strong></span> <span class='ocrx_word' id='word_1_869' title='bbox 1695 5066 1728 5121; x_wconf 85' lang='lat' dir='ltr'><strong>Et</strong></span> <span class='ocrx_word' id='word_1_870' title='bbox 1742 5077 1886 5119; x_wconf 69' lang='lat' dir='ltr'><strong>miserereris</strong></span> <span class='ocrx_word' id='word_1_871' title='bbox 1899 5059 2024 5116; x_wconf 75' lang='lat' dir='ltr'><strong>selenas:</strong></span> 
     </span>
     <span class='ocr_line' id='line_1_111' title="bbox 1236 5155 2025 5231; baseline -0.033 -3"><span class='ocrx_word' id='word_1_872' title='bbox 1236 5173 1363 5228; x_wconf 72' lang='lat' dir='ltr'><strong>Harrento</strong></span> <span class='ocrx_word' id='word_1_873' title='bbox 1382 5168 1447 5231; x_wconf 90' lang='lat' dir='ltr'><strong>mei,</strong></span> <span class='ocrx_word' id='word_1_874' title='bbox 1462 5163 1570 5219; x_wconf 85' lang='lat' dir='ltr'><strong>llomine</strong></span> <span class='ocrx_word' id='word_1_875' title='bbox 1580 5201 1588 5227; x_wconf 95' lang='lat'><strong>,</strong></span> <span class='ocrx_word' id='word_1_876' title='bbox 1599 5175 1656 5213; x_wconf 89' lang='lat' dir='ltr'><strong>asem</strong></span> <span class='ocrx_word' id='word_1_877' title='bbox 1669 5156 1765 5211; x_wconf 77' lang='lat' dir='ltr'><strong>certeris</strong></span> <span class='ocrx_word' id='word_1_878' title='bbox 1782 5155 1808 5207; x_wconf 91' lang='grc' dir='ltr'><strong>ιἰι</strong></span> <span class='ocrx_word' id='word_1_879' title='bbox 1827 5166 1931 5220; x_wconf 79' lang='lat' dir='ltr'><strong>capanna</strong></span> <span class='ocrx_word' id='word_1_880' title='bbox 1944 5158 2025 5202; x_wconf 85' lang='grc' dir='ltr'>ιιιιιιιι.</span> 
     </span>
     <span class='ocr_line' id='line_1_112' title="bbox 1236 5240 2028 5336; baseline -0.034 -16"><span class='ocrx_word' id='word_1_881' title='bbox 1236 5266 1329 5336; x_wconf 69' lang='lat' dir='ltr'><strong>lingna</strong></span> <span class='ocrx_word' id='word_1_882' title='bbox 1345 5260 1426 5316; x_wconf 87' lang='lat' dir='ltr'><strong>tides!</strong></span> <span class='ocrx_word' id='word_1_883' title='bbox 1442 5257 1504 5312; x_wconf 89' lang='lat' dir='ltr'><strong>huie</strong></span> <span class='ocrx_word' id='word_1_884' title='bbox 1517 5254 1578 5310; x_wconf 87' lang='lat' dir='ltr'><strong>lldei</strong></span> <span class='ocrx_word' id='word_1_885' title='bbox 1591 5250 1654 5321; x_wconf 79' lang='lat' dir='ltr'><strong>auid</strong></span> <span class='ocrx_word' id='word_1_886' title='bbox 1672 5248 1732 5304; x_wconf 89' lang='lat' dir='ltr'><strong>addi</strong></span> <span class='ocrx_word' id='word_1_887' title='bbox 1748 5245 1847 5316; x_wconf 85' lang='lat' dir='ltr'><strong>possit,</strong></span> <span class='ocrx_word' id='word_1_888' title='bbox 1862 5243 1964 5314; x_wconf 78' lang='lat' dir='ltr'><strong>ignom.</strong></span> <span class='ocrx_word' id='word_1_889' title='bbox 1980 5240 2028 5295; x_wconf 85' lang='lat' dir='ltr'><strong>l&#39;i·</strong></span> 
     </span>
     <span class='ocr_line' id='line_1_113' title="bbox 1237 5331 2027 5420; baseline -0.034 -9"><span class='ocrx_word' id='word_1_890' title='bbox 1237 5358 1395 5413; x_wconf 86' lang='lat' dir='ltr'><strong>tubarcrant</strong></span> <span class='ocrx_word' id='word_1_891' title='bbox 1406 5349 1455 5420; x_wconf 87' lang='lat' dir='ltr'><strong>ipsi</strong></span> <span class='ocrx_word' id='word_1_892' title='bbox 1468 5348 1513 5418; x_wconf 88' lang='lat' dir='ltr'><strong>qui</strong></span> <span class='ocrx_word' id='word_1_893' title='bbox 1528 5345 1651 5400; x_wconf 79' lang='lat' dir='ltr'><strong>viderunt</strong></span> <span class='ocrx_word' id='word_1_894' title='bbox 1662 5338 1798 5394; x_wconf 83' lang='lat' dir='ltr'><strong>Christum</strong></span> <span class='ocrx_word' id='word_1_895' title='bbox 1813 5344 1932 5388; x_wconf 82' lang='lat' dir='ltr'><strong>manuos</strong></span> <span class='ocrx_word' id='word_1_896' title='bbox 1944 5331 2027 5386; x_wconf 87' lang='lat' dir='ltr'><strong>susci-</strong></span> 
     </span>
     <span class='ocr_line' id='line_1_114' title="bbox 1239 5426 2026 5507; baseline -0.034 -4"><span class='ocrx_word' id='word_1_897' title='bbox 1239 5457 1337 5503; x_wconf 89' lang='lat' dir='ltr'><strong>tantem</strong></span> <span class='ocrx_word' id='word_1_898' title='bbox 1352 5461 1359 5498; x_wconf 92' lang='lat'><strong>:</strong></span> <span class='ocrx_word' id='word_1_899' title='bbox 1372 5439 1538 5499; x_wconf 86' lang='lat' dir='ltr'><strong>crediditille</strong></span> <span class='ocrx_word' id='word_1_900' title='bbox 1554 5436 1599 5507; x_wconf 77' lang='lat' dir='ltr'><strong>spui</strong></span> <span class='ocrx_word' id='word_1_901' title='bbox 1613 5433 1719 5489; x_wconf 87' lang='lat' dir='ltr'><strong>ridebat</strong></span> <span class='ocrx_word' id='word_1_902' title='bbox 1732 5445 1821 5487; x_wconf 88' lang='lat' dir='ltr'><strong>secum</strong></span> <span class='ocrx_word' id='word_1_903' title='bbox 1837 5428 1863 5483; x_wconf 92' lang='lat' dir='ltr'><strong>in</strong></span> <span class='ocrx_word' id='word_1_904' title='bbox 1879 5426 1950 5497; x_wconf 78' lang='lat' dir='ltr'><strong>ligno</strong></span> <span class='ocrx_word' id='word_1_905' title='bbox 1962 5440 2026 5494; x_wconf 88' lang='lat' dir='ltr'><strong>pcn-</strong></span> 
     </span>
     <span class='ocr_line' id='line_1_115' title="bbox 1237 5516 2026 5600; baseline -0.029 -8"><span class='ocrx_word' id='word_1_906' title='bbox 1237 5539 1357 5592; x_wconf 89' lang='lat' dir='ltr'><strong>dcntom.</strong></span> <span class='ocrx_word' id='word_1_907' title='bbox 1374 5530 1486 5600; x_wconf 78' lang='lat' dir='ltr'><strong>Quatrdo</strong></span> <span class='ocrx_word' id='word_1_908' title='bbox 1508 5529 1544 5584; x_wconf 92' lang='lat' dir='ltr'><strong>illi</strong></span> <span class='ocrx_word' id='word_1_909' title='bbox 1560 5526 1755 5589; x_wconf 75' lang='lat' dir='ltr'><strong>titubaverunt,</strong></span> <span class='ocrx_word' id='word_1_910' title='bbox 1770 5533 1831 5574; x_wconf 88' lang='lat' dir='ltr'><strong>tnnc</strong></span> <span class='ocrx_word' id='word_1_911' title='bbox 1846 5519 1892 5573; x_wconf 85' lang='lat' dir='ltr'><strong>ille</strong></span> <span class='ocrx_word' id='word_1_912' title='bbox 1906 5516 2026 5571; x_wconf 80' lang='lat' dir='ltr'><strong>credidit.</strong></span> 
     </span>
     <span class='ocr_line' id='line_1_116' title="bbox 1238 5605 2029 5699; baseline -0.033 -16"><span class='ocrx_word' id='word_1_913' title='bbox 1238 5629 1348 5699; x_wconf 77' lang='lat' dir='ltr'><strong>Qualem</strong></span> <span class='ocrx_word' id='word_1_914' title='bbox 1373 5625 1488 5681; x_wconf 86' lang='lat' dir='ltr'><strong>iruetnm</strong></span> <span class='ocrx_word' id='word_1_915' title='bbox 1504 5620 1626 5677; x_wconf 83' lang='lat' dir='ltr'><strong>Christus</strong></span> <span class='ocrx_word' id='word_1_916' title='bbox 1650 5616 1683 5671; x_wconf 92' lang='lat' dir='ltr'><strong>de</strong></span> <span class='ocrx_word' id='word_1_917' title='bbox 1704 5614 1779 5668; x_wconf 89' lang='lat' dir='ltr'><strong>arido</strong></span> <span class='ocrx_word' id='word_1_918' title='bbox 1802 5612 1872 5681; x_wconf 82' lang='lat' dir='ltr'><strong>ligno</strong></span> <span class='ocrx_word' id='word_1_919' title='bbox 1895 5605 2029 5678; x_wconf 68' lang='lat' dir='ltr'><strong>prepi?</strong></span> 
     </span>
     <span class='ocr_line' id='line_1_117' title="bbox 1238 5698 2030 5789; baseline -0.03 -16"><span class='ocrx_word' id='word_1_920' title='bbox 1238 5719 1305 5789; x_wconf 77' lang='lat' dir='ltr'><strong>Quid</strong></span> <span class='ocrx_word' id='word_1_921' title='bbox 1329 5719 1353 5774; x_wconf 89' lang='lat' dir='ltr'><strong>ci</strong></span> <span class='ocrx_word' id='word_1_922' title='bbox 1374 5715 1473 5772; x_wconf 85' lang='lat' dir='ltr'><strong>dixerit</strong></span> <span class='ocrx_word' id='word_1_923' title='bbox 1489 5712 1615 5769; x_wconf 82' lang='lat' dir='ltr'><strong>hominus</strong></span> <span class='ocrx_word' id='word_1_924' title='bbox 1636 5706 1783 5760; x_wconf 86' lang='lat' dir='ltr'><strong>audiamus.</strong></span> <span class='ocrx_word' id='word_1_925' title='bbox 1805 5703 1882 5756; x_wconf 66' lang='lat' dir='ltr'><strong>:terrm</strong></span> <span class='ocrx_word' id='word_1_926' title='bbox 1898 5699 1953 5753; x_wconf 70' lang='lat' dir='ltr'><strong>eliso</strong></span> <span class='ocrx_word' id='word_1_927' title='bbox 1967 5698 2030 5759; x_wconf 86' lang='lat' dir='ltr'><strong>tili,</strong></span> 
     </span>
     <span class='ocr_line' id='line_1_118' title="bbox 1241 5788 2033 5870; baseline -0.033 -2"><span class='ocrx_word' id='word_1_928' title='bbox 1241 5814 1315 5869; x_wconf 86' lang='lat' dir='ltr'><strong>leodic</strong></span> <span class='ocrx_word' id='word_1_929' title='bbox 1325 5826 1421 5864; x_wconf 86' lang='lat' dir='ltr'><strong>arcreern</strong></span> <span class='ocrx_word' id='word_1_930' title='bbox 1441 5807 1490 5862; x_wconf 87' lang='lat' dir='ltr'><strong>eris</strong></span> <span class='ocrx_word' id='word_1_931' title='bbox 1509 5806 1535 5859; x_wconf 91' lang='lat' dir='ltr'><strong>in</strong></span> <span class='ocrx_word' id='word_1_932' title='bbox 1556 5800 1676 5869; x_wconf 79' lang='lat' dir='ltr'><strong>paeradiso</strong></span> <span class='ocrx_word' id='word_1_933' title='bbox 1687 5796 1762 5870; x_wconf 70' lang='lat' dir='ltr'><strong>(lare.</strong></span> <span class='ocrx_word' id='word_1_934' title='bbox 1777 5808 1859 5859; x_wconf 72' lang='lat' dir='ltr'><strong>xatas,</strong></span> <span class='ocrx_word' id='word_1_935' title='bbox 1873 5789 1907 5846; x_wconf 71' lang='grc' dir='ltr'><strong>ὗξι</strong></span> <span class='ocrx_word' id='word_1_936' title='bbox 1921 5791 1975 5857; x_wconf 61' lang='lat' dir='ltr'><strong>lie).</strong></span> <span class='ocrx_word' id='word_1_937' title='bbox 1993 5788 2033 5842; x_wconf 84' lang='lat' dir='ltr'><strong>&#39;let</strong></span> 
     </span>
     <span class='ocr_line' id='line_1_119' title="bbox 1243 5879 2031 5976; baseline -0.038 -11"><span class='ocrx_word' id='word_1_938' title='bbox 1243 5907 1332 5965; x_wconf 76' lang='lat' dir='ltr'><strong>ditiora</strong></span> <span class='ocrx_word' id='word_1_939' title='bbox 1348 5915 1383 5976; x_wconf 88' lang='lat' dir='ltr'><strong>tc,</strong></span> <span class='ocrx_word' id='word_1_940' title='bbox 1398 5916 1447 5973; x_wconf 78' lang='lat' dir='ltr'><strong>ego</strong></span> <span class='ocrx_word' id='word_1_941' title='bbox 1460 5913 1575 5972; x_wconf 63' lang='lat' dir='ltr'><strong>ageroscu</strong></span> <span class='ocrx_word' id='word_1_942' title='bbox 1590 5905 1625 5952; x_wconf 85' lang='lat' dir='ltr'><strong>te.</strong></span> <span class='ocrx_word' id='word_1_943' title='bbox 1642 5888 1751 5961; x_wconf 76' lang='lat' dir='ltr'><strong>errrrda</strong></span> <span class='ocrx_word' id='word_1_944' title='bbox 1767 5902 1789 5961; x_wconf 78' lang='lat' dir='ltr'><strong>s,</strong></span> <span class='ocrx_word' id='word_1_945' title='bbox 1799 5893 1886 5943; x_wconf 79' lang='lat' dir='ltr'><strong>araret</strong></span> <span class='ocrx_word' id='word_1_946' title='bbox 1899 5883 1982 5947; x_wconf 80' lang='lat' dir='ltr'><strong>latre,</strong></span> <span class='ocrx_word' id='word_1_947' title='bbox 1997 5879 2031 5936; x_wconf 84' lang='lat' dir='ltr'><strong>da</strong></span> 
     </span>
    </p>
   </div>
   <div class='ocr_carea' id='block_1_13' title="bbox 0 0 2419 6676">
    <p class='ocr_par' dir='ltr' id='par_1_14' title="bbox 0 0 2419 6676">
     <span class='ocr_line' id='line_1_120' title="bbox 0 0 2419 6676; baseline 0 0"><span class='ocrx_word' id='word_1_948' title='bbox 0 0 2419 6676; x_wconf 95' lang='lat' dir='ltr'><strong> </strong></span> 
     </span>
    </p>
   </div>
  </div>
 </body>
</html>
