4759 6684
371 610 440 668 llo'3

369 725 545 789 crrrritirum3
569 720 666 779 lutrinis
695 721 800 792 quidem
829 719 1009 784 scandalum,
1032 715 1160 772 Gentibus

370 815 530 880 sttrltitiam;
557 816 620 885 ipsis
644 822 731 869 atatem
759 812 859 868 voeatis
884 812 983 868 ludaris
1005 819 1033 866 ct
1061 806 1162 864 Graecis

369 907 507 963 Christum
522 906 568 961 bei
582 906 705 960 virtutem
718 914 744 958 et
758 904 802 958 liei
817 902 974 973 sapientiam
993 918 1003 952 r
1024 898 1050 972 (l
1065 897 1123 953 Cor.
1141 912 1160 964 r,

372 996 484 1071 eost).
498 998 581 1053 Vertit
593 998 722 1051 Dominus
736 990 867 1058 Christus,
882 995 1015 1064 sapientia
1031 991 1076 1047 bet
1088 1010 1096 1045 ι
1107 1005 1162 1046 eoe·

372 1090 427 1143 lum
448 1096 540 1142 tonat:
569 1102 640 1141 rann
653 1094 764 1141 tarcant
784 1085 859 1154 Quod
874 1084 942 1139 dixit
968 1083 1086 1149 veritas,
1111 1081 1161 1136 troc

369 1187 412 1234 est
426 1193 529 1233 verum.
544 1177 618 1246 erorl
632 1176 707 1242 dixit,
725 1178 751 1232 in
772 1178 842 1232 malo
869 1175 976 1247 quidem
1000 1189 1060 1230 esse
1078 1187 1162 1245 gorius

372 1273 517 1324 lmmanum
533 1285 612 1323 eausa
632 1269 750 1337 peccati,
776 1265 943 1321 manifestum
957 1275 1009 1320 cst.
1035 1264 1088 1320 Sed
1116 1264 1161 1335 qui

373 1359 520 1416 crediderit
533 1359 558 1413 in
573 1358 759 1424 stratonem,
774 1358 817 1428 qui
833 1357 991 1412 constitutus
1004 1363 1046 1410 est
1059 1353 1162 1408 irrentus

369 1450 440 1505 inter
453 1451 537 1505 lictum
548 1457 575 1504 et
587 1448 707 1503 lromincs
727 1448 812 1520 (inter
828 1447 908 1501 Deum
920 1446 1021 1516 justum
1034 1454 1061 1500 et
1074 1443 1160 1498 lromi-
1175 1470 1178 1474 Δ

371 1556 420 1596 urs
443 1541 574 1610 injustos,
605 1539 706 1593 merlius
739 1538 819 1592 bomo
849 1537 946 1607 justus,
969 1535 1161 1590 laurumritatcm

370 1631 473 1687 liabens
482 1629 517 1685 dc
531 1630 594 1696 imo,
606 1629 735 1700 justitiam
749 1628 784 1684 de
796 1643 900 1683 sunnno
910 1635 952 1692 ;et
965 1626 1025 1683 ideo
1040 1625 1160 1681 medius:

369 1721 433 1776 ltine
444 1737 545 1787 unum,
569 1730 594 1775 ct
607 1719 669 1774 iude
681 1735 760 1773 uutun
778 1736 784 1772 :
799 1719 859 1789 quia
874 1718 896 1772 si
919 1726 1061 1788 utrumqne
1088 1714 1160 1780 inde,

370 1814 406 1869 ibi
421 1824 511 1877 essct,
530 1814 552 1868 si
573 1823 716 1883 utrumque
737 1813 817 1879 ltine,
841 1812 977 1867 nobiscum
998 1811 1115 1880 jaceret,
1135 1816 1163 1864 et

370 1906 474 1961 merline
483 1921 535 1961 non
545 1907 626 1976 essct)
637 1924 643 1959 :
654 1905 696 1975 qui
709 1920 772 1975 ergo
786 1904 928 1959 crediderit
941 1903 967 1958 in
980 1903 1158 1970 llcdiatorcm,

369 2005 398 2052 et
423 1995 535 2052 litlclitcr
555 2010 587 2050 ac
611 1996 680 2050 benc
693 1994 808 2060 riserit,
835 1996 905 2049 exiet
920 1993 1027 2065 quidem
1051 1992 1085 2048 tle
1099 2007 1160 2049 cor·

370 2102 447 2159 porc,
460 2097 487 2143 et
500 2088 551 2142 crit
568 2087 594 2141 in
609 2087 716 2158 requic;
739 2094 829 2154 vostea
852 2099 915 2140 vero
930 2085 1040 2155 recipiet
1065 2098 1162 2154 eorpus

371 2192 425 2235 non
439 2179 472 2234 ad
487 2187 664 2242 tormentum,
698 2177 745 2233 sed
760 2176 792 2231 ad
807 2184 1010 2241 ornamentum,
1038 2185 1067 2231 et
1091 2175 1169 2231 niret¹

370 2284 434 2326 cum
447 2270 502 2327 beo
515 2271 541 2325 in
563 2278 702 2325 aternum.
718 2268 777 2324 iton
792 2279 833 2325 est
846 2267 915 2338 qrrod
928 2282 988 2322 eum
999 2266 1112 2322 delectet
1134 2276 1164 2323 ut

371 2362 466 2420 sedem
481 2382 487 2419 :
500 2364 561 2433 ouria
574 2378 664 2418 secum
679 2362 759 2418 babet
771 2377 879 2433 corpus.
894 2362 980 2433 Ergo,
993 2360 1161 2426 charissimi,

371 2455 497 2524 quoniam
512 2455 635 2526 proposui
651 2455 725 2509 nolis
740 2455 819 2510 hodie
832 2454 896 2525 qttitl
910 2453 999 2510 dicant
1010 2457 1089 2510 etiam
1101 2455 1163 2526 pbi-

372 2546 478 2618 losopbi
494 2548 586 2603 muudi
598 2548 687 2617 liuius,
702 2563 814 2618 qtrorum
831 2548 900 2603 licus
923 2546 1079 2618 sapientiam
1108 2558 1165 2603 tan-

372 2654 559 2710 quamverum
579 2642 719 2696 stultitiam
745 2639 914 2709 reprobavit,
928 2641 1063 2708 crastino,
1090 2640 1165 2711 adju-

373 2740 454 2789 rante
470 2732 584 2788 Domino
595 2776 602 2801 ‚
615 2747 749 2804 exponere
762 2732 916 2803 poterimus.

575 2892 578 2899 '
620 2888 734 2945 ssttlto
753 2888 854 2945 ccxlt
868 2891 935 2963 ·(o).

598 3008 623 3052 lu
633 3002 721 3053 diebus
732 3002 891 3065 lasebelibus,
902 3016 945 3054 xn.

448 3104 486 3161 De
500 3106 689 3163 flesrtrrectione
701 3125 855 3180 corporum,
870 3117 957 3164 contro
972 3107 1092 3164 Gentiles.

411 3218 524 3275 CAPUT
544 3218 763 3275 subtuli-t.
783 3219 943 3275 Resurrectio
953 3219 1017 3289 fider
1044 3218 1166 3275 Christia-

375 3325 477 3363 norum.
494 3309 560 3365 Oetes
582 3311 765 3382 opitiioeoplrir
784 3310 898 3381 capnitnr
910 3326 942 3365 es
954 3312 1070 3383 operibns
1095 3329 1166 3366 orno·

374 3402 413 3457 di.
450 3403 559 3474 Propria
586 3403 652 3458 lldes
674 3412 715 3458 est
741 3402 979 3470 Cluistlauorum,
1007 3404 1168 3459 resurrectio

375 3501 553 3549 mortuorum.
567 3492 641 3548 llatrc
651 3493 676 3547 iu
692 3508 722 3549 se
737 3494 811 3562 ipso,
834 3493 860 3547 id
875 3501 931 3556 est,
943 3495 1166 3550 resurrectionem

374 3591 542 3639 mortuorum
562 3625 569 3648 ,
592 3592 672 3653 capnt
698 3592 817 3638 nostrum
841 3584 962 3653 §hristus
984 3586 1116 3651 ostendit,
1140 3597 1169 3643 et

373 3675 526 3743 exemplum
539 3674 599 3728 tidoi
614 3674 691 3730 nobis
704 3674 846 3744 prestitit;
862 3684 890 3730 ut
903 3676 954 3732 boc
963 3687 1071 3748 sperent
1084 3693 1168 3733 mem·

375 3764 425 3821 bra
440 3766 466 3820 in
481 3781 522 3829 se,
540 3765 610 3836 qnod
624 3767 762 3837 praecessit
775 3768 800 3821 in
813 3768 909 3839 capito.
926 3769 1056 3826 llestcrno
1069 3770 1113 3825 (lie
1126 3786 1168 3825 ro

375 3854 418 3909 bis
433 3855 636 3919 insinuavimus,
652 3857 785 3928 sapientes
799 3857 943 3925 Gentium,
959 3874 1026 3929 piros
1048 3859 1168 3929 pbiloso-

377 3942 446 4013 phos
456 3943 557 4010 dicunt,
572 3945 644 4015 ipsos
654 3947 698 4016 mu
709 3947 736 4001 in
750 3947 791 4002 eis
807 3948 1026 4002 excellentissimi
1040 3948 1166 4016 loertrut,

375 4042 510 4089 scrunitos
524 4035 605 4090 luisse
629 4046 769 4100 naturam,
788 4046 816 4091 ct
837 4037 871 4092 de
897 4037 1022 4107 operibus
1038 4039 1168 4097 artificem

375 4125 534 4195 cognovisse
548 4123 592 4199 (ln
611 4127 740 4197 superiore
751 4124 886 4199 sennone).
897 4126 1044 4198 Prophetas
1057 4145 1110 4185 non
1121 4145 1168 4186 au·

376 4214 495 4282 derunt,
519 4217 603 4288 legem
619 4219 665 4274 Dei
685 4234 739 4273 non
762 4228 945 4288 aeceperunt:
968 4220 1015 4276 sed
1032 4223 1072 4279 cis
1099 4223 1168 4278 licus

374 4307 493 4377 quodam
505 4308 584 4363 ruodo
598 4309 680 4364 silens
691 4309 773 4379 ipsius
789 4310 879 4364 mundi
893 4311 1019 4380 operibus
1040 4312 1168 4383 loqueba-

376 4407 431 4464 tur,
454 4409 480 4454 ct
501 4414 549 4455 eos
561 4400 594 4456 ad
608 4400 781 4471 atterendum
795 4401 924 4458 artibcem
937 4419 1045 4469 renim,
1076 4406 1168 4461 mundi

374 4492 480 4559 specics
492 4491 620 4547 invitabat
634 4509 640 4544 ε
661 4508 711 4548 occ
733 4504 877 4563 potnerunt
890 4496 1045 4552 inanimum
1059 4498 1168 4553 induce·

374 4581 525 4645 rc,coelum
540 4590 677 4638 etterram
699 4583 758 4639 sine
779 4594 888 4641 anctore
914 4588 1102 4643 consternite
1127 4590 1168 4646 bis

374 4667 471 4725 bostro
492 4670 589 4726 Paulus
616 4673 752 4742 apostolus
782 4674 817 4728 lta
841 4675 958 4745 loquitur
982 4694 994 4732 a
1016 4677 1166 4746 bortatur,

373 4758 473 4828 lnqrtit,
485 4761 524 4812 ire
537 4759 586 4814 Dei
598 4761 629 4814 de
639 4762 700 4815 cerlo
717 4779 793 4832 snper
804 4780 903 4819 earnem
923 4767 1086 4835 nimietatem.
1099 4770 1167 4836 baio

371 4857 435 4915 est,
458 4866 535 4920 snper
556 4867 654 4905 ontnern
675 4853 848 4923 impietatem?
866 4854 922 4913 Non
936 4858 1019 4913 soleim
1033 4860 1169 4929 superlu-

372 4938 469 5004 dmm,
485 4939 530 5008 iperi
546 4940 592 4996 bei
609 4942 693 5011 legem
715 4953 893 5013 acceperunt,
914 4956 942 5000 ct
963 4947 1029 5018 legis
1048 4949 1168 5005 datorem

368 5027 562 5095 offenderam
579 5046 671 5087 rerurn
688 5033 769 5088 etiam
781 5049 863 5104 super
877 5050 984 5091 omnem
1006 5035 1167 5107 impietatem

369 5120 504 5175 (lentium
518 5123 650 5178 revelatur
661 5124 700 5178 ira
714 5125 760 5181 liei
775 5126 808 5182 de
819 5127 897 5184 coelo.
921 5128 955 5182 Ει
974 5144 1007 5184 ne
1029 5130 1167 5203 quisqrmrn

368 5211 487 5276 diceret,
501 5211 599 5280 Quare,
612 5229 673 5269 eum
687 5216 736 5285 ipsi
750 5217 834 5287 legem
848 5234 900 5273 non
914 5221 1081 5289 acceperint?
1090 5236 1168 5276 scert-

367 5310 419 5358 lns
441 5300 563 5371 adjunxit
575 5320 581 5355 ι
594 5303 628 5358 tn
650 5306 800 5375 injustitiam
824 5324 911 5362 eoram
929 5311 973 5380 oni
995 5312 1122 5365 oeritmem
1140 5313 1169 5367 in

367 5393 509 5463 irriqnitnte
521 5394 642 5450 detinent.
653 5394 710 5451 Jam
726 5407 753 5452 tn
764 5399 909 5468 responde:
920 5400 1002 5466 Qtram
1013 5403 1169 5458 ceritatem?

369 5482 436 5537 Non
451 5481 522 5537 enim
535 5496 698 5555 acceperunt
716 5487 832 5558 Legem,
856 5506 909 5544 non
935 5493 1006 5547 enim
1029 5494 1169 5550 audierunt

369 5573 546 5645 proplietam.
562 5577 630 5632 Audi
643 5595 722 5649 quana
735 5581 871 5637 veritatem
885 5599 891 5636 :
907 5582 1031 5648 Quoniam
1044 5587 1111 5657 quod
1124 5605 1169 5641 no·

371 5673 433 5719 ram
445 5673 490 5730 ert,
503 5665 605 5736 innuit,
622 5667 678 5735 oet,
693 5672 853 5743 eneruisrrtnm
865 5683 901 5727 ert
914 5674 939 5727 in
954 5675 1014 5729 ttttr.
1030 5675 1104 5732 Urtde
1118 5693 1170 5732 ma·

371 5752 522 5809 tailestuml
537 5756 632 5813 Adbuc
650 5760 713 5829 audi
726 5779 733 5815 :
748 5761 816 5818 Deus
831 5764 897 5818 eninr
918 5765 969 5819 illis
990 5768 1168 5838 manifestarit.

406 5860 418 5879 ⁹
428 5856 534 5911 collatus
544 5863 573 5912 ad
584 5876 671 5919 omues
680 5873 732 5916 ltss
746 5875 772 5918 et
792 5868 848 5919 edel.
861 5878 885 5920 tn
896 5882 1010 5921 somnone
1021 5872 1169 5936 precedent!

372 5920 474 5973 noted
531 5931 600 5975 nator

407 5982 447 6046 (ι)
457 5933 530 6047 tfflff
538 5960 698 6076 corium
712 5988 763 6040 tte.

1076 599 1192 659 sstttto
1210 599 1320 656 cttxlt.

1941 601 2009 661 ttst

1219 713 1248 769 Si
1263 713 1350 770 adbuc
1365 713 1482 784 quouis,
1496 711 1634 781 Quomodo
1656 707 1848 781 rnanilestavit,
1863 716 1959 787 qrrlbus
1971 721 2011 773 lc·

1218 818 1278 874 gem
1294 819 1348 859 non
1363 803 1454 860 dediti
1468 806 1528 860 audi
1543 803 1848 876 quortrorl021rreirilitie
1864 805 1930 861 eninr
1943 811 2009 878 eine,

1218 913 1234 951 e
1247 898 1426 953 constitutione
1440 899 1540 965 ortandi,
1555 915 1599 969 per
1611 916 1640 952 eo
1650 915 1706 970 paee
1718 902 1785 971 farto
1798 908 1867 965 rarat,
1883 900 2010 954 intellecto

1216 987 1415 1058 conspiciuntur.
1432 987 1571 1043 lntn'rr'ln'lio
1584 991 1650 1044 eninr
1663 991 1729 1061 eires,
1743 989 1793 1045 hoc
1806 999 1857 1055 est,
1870 989 2010 1045 invisibilia

1216 1077 1263 1133 bei
1275 1095 1282 1131 ι
1296 1095 1311 1131 n
1324 1080 1500 1134 corretitntione
1522 1080 1627 1145 orntrdi,
1642 1080 1737 1146 idest,
1750 1096 1782 1135 en
1797 1097 1851 1151 otto
1874 1081 2011 1136 constitnit

1216 1168 1343 1223 nrttndum
1356 1187 1363 1224 ι
1376 1186 1421 1239 prr
1432 1187 1462 1224 en
1476 1187 1533 1239 perer
1551 1175 1619 1242 foeta
1638 1181 1695 1225 sarit
1712 1170 1839 1224 intellecta
1851 1171 2013 1241 corrrpieinn·

1216 1268 1266 1327 tur,
1282 1261 1325 1314 illa
1340 1278 1387 1332 per
1402 1262 1460 1317 hanc
1473 1263 1606 1318 intellecta
1620 1263 1831 1332 conspiciuntur.
1849 1262 2011 1334 Serrrpiterno

1215 1366 1312 1421 proprie
1320 1365 1330 1416 ,·
1343 1353 1424 1408 verba
1439 1354 1557 1424 Apostoli
1572 1352 1644 1421 dieo,
1657 1354 1712 1424 ipsa
1726 1362 1818 1410 attero
1830 1372 1838 1408 r
1850 1354 2010 1424 sempiterno

1215 1456 1312 1513 pnoproe
1330 1443 1409 1498 rirtne
1431 1445 1485 1515 ejus
1506 1454 1529 1497 et
1551 1443 1670 1498 diviniter
1682 1484 1689 1508 ,
1702 1443 1849 1511 subaudis,
1875 1443 2009 1499 intellecta

1215 1535 1426 1604 conspiciuntur.
1444 1536 1478 1590 llt
1499 1537 1549 1591 sint
1569 1535 1760 1591 inexcusabiles.
1775 1536 1862 1603 Quare
1874 1536 2008 1592 inexcusa-

1216 1624 1297 1679 biles?
1308 1624 1374 1691 Quin
1387 1636 1563 1698 copneaceuter
1585 1627 1684 1694 Derim,
1703 1644 1753 1681 non
1775 1628 1839 1682 sient
1858 1625 1938 1682 Deam
1951 1629 2009 1700 plo·

1215 1719 1387 1788 ridenterunt,
1402 1729 1446 1773 ord
1458 1721 1555 1791 pretias
1568 1730 1681 1792 operient.
1694 1719 1752 1776 Non
1765 1719 1841 1787 dixit,
1855 1719 2009 1776 Noscientes

1220 1809 1318 1876 Deum;
1335 1811 1390 1876 sed,
1406 1823 1591 1883 roquosccntea.

1251 1900 1364 1956 cabul
1376 1902 1478 1957 lt.-2.
1490 1902 1965 1977 Pelelnitndoereaturnrnmconsessio
1973 1916 2010 1959 ert

1216 1993 1351 2049 Creatorir.
1359 1994 1509 2050 illebonrinie
1520 1997 1701 2066 ceptritiorreod
1711 1999 1878 2069 sepultionem
1890 1998 1936 2052 Dei
1950 2016 2009 2070 puo-

1218 2084 1292 2137 modo
1300 2095 1461 2154 pervenerunt
1467 2086 1703 2156 plriloropbi.Unde
1711 2088 2009 2157 cognoscentesillsbis

1216 2189 1276 2246 quae
1286 2173 1358 2231 lecit.
1373 2175 1507 2246 lntcrroga
1527 2176 1750 2246 pulchritudinem
1766 2184 1861 2243 terre,
1878 2178 2010 2247 interroga

1216 2266 1440 2337 palchritudinem
1452 2267 1544 2335 maris,
1559 2268 1691 2340 interroga
1712 2269 1932 2339 pulebritmlincm
1945 2271 2011 2324 dila-

1217 2358 1264 2413 tati
1278 2367 1304 2414 et
1316 2357 1404 2413 dillusi
1415 2360 1493 2426 aeris,
1504 2358 1637 2430 interroga
1651 2359 1873 2430 pulchritudinem
1887 2363 1958 2428 eoeli,
1971 2363 2011 2415 iu·

1218 2459 1321 2520 ttrmoga
1335 2450 1455 2505 ordinem
1470 2451 1597 2518 siderum,
1610 2453 1742 2523 interroga
1755 2453 1839 2508 solem
1849 2452 1951 2524 lulgorc
1962 2468 2011 2507 suo

1217 2540 1289 2597 diem
1299 2540 1500 2608 clarificantem,
1514 2543 1647 2613 interroga
1661 2543 1749 2597 lunam
1764 2543 1906 2613 splendore
1919 2545 2012 2597 subse·

1217 2631 1324 2702 quentis
1337 2632 1422 2687 noetis
1438 2632 1560 2688 tenebras
1580 2642 1789 2704 temperantem,
1804 2635 1937 2705 interroga
1952 2637 2010 2688 ani-

1217 2723 1297 2778 malia
1311 2739 1370 2794 quas
1389 2733 1527 2780 moventur
1540 2725 1566 2779 in
1580 2726 1676 2795 amris,
1692 2741 1751 2795 ortae
1766 2735 1901 2780 morentur·
1914 2726 1939 2780 in
1957 2736 2011 2781 ter-

1218 2816 1267 2882 ris,
1282 2832 1342 2886 oute
1356 2816 1505 2872 volitantia
1520 2832 1600 2884 aere;
1615 2817 1727 2872 latentes
1739 2818 1857 2882 animas,
1874 2819 2010 2886 perspicuo

1219 2920 1331 2978 corpora
1342 2925 1349 2974 ;
1364 2908 1476 2964 visibilia
1491 2908 1616 2978 regenda,
1626 2909 1772 2965 invisibiles
1782 2920 1905 2977 regentes
1917 2928 1923 2964 :
1936 2910 2017 2965 iuter-

1220 3013 1284 3069 roga
1295 2999 1355 3065 ista,
1371 2997 1543 3070 liespoutlent
1555 2999 1600 3054 tibi
1614 2999 1702 3055 omnia
1715 3016 1722 3053 :
1739 2999 1807 3056 Eece
1820 2997 1890 3065 ride,
1902 2999 2011 3068 pulcbra

1219 3103 1320 3143 sumus.
1332 3087 1503 3144 Pulclrritudo
1512 3103 1617 3156 eorum,
1629 3088 1762 3145 confessio
1775 3103 1877 3144 eorum.
1892 3090 1943 3144 lsta
1959 3089 2018 3158 pul·

1219 3178 1282 3234 ebra
1296 3178 1431 3235 mutabilia
1445 3179 1505 3249 quis
1515 3177 1584 3246 lecit,
1595 3179 1644 3234 nisi
1654 3179 1876 3234 incommutabilis
1884 3179 2012 3250 pultdrcrl

1220 3269 1249 3324 iu
1262 3269 1321 3340 ipso
1334 3266 1450 3341 donique
1460 3270 1568 3327 bomine
1580 3313 1587 3338 ,
1601 3281 1631 3326 nt
1649 3280 1756 3341 possent
1769 3271 1916 3342 intelligere
1928 3282 1955 3327 et
1968 3286 2013 3326 co·

1219 3377 1348 3433 gnoscere
1360 3362 1443 3417 licum
1454 3363 1570 3418 universi
1583 3363 1674 3419 mundi
1682 3370 1847 3429 creatorem
1859 3362 1885 3417 iu
1897 3361 2014 3433 ipso,in·

1219 3468 1315 3524 quam,
1332 3453 1440 3510 bomine
1455 3454 1685 3525 interrogaverunt
1706 3455 1763 3509 lnce
1777 3454 1846 3521 dno,
1869 3469 1966 3524 eorpus
1986 3465 2015 3512 et

1219 3543 1346 3596 animam.
1355 3542 1410 3598 lloe
1421 3543 1620 3616 interrogabaut
1630 3543 1702 3614 qtrod
1714 3553 1741 3599 et
1751 3544 1800 3614 ipsi
1809 3543 1963 3614 gestabant:
1974 3545 2014 3598 vi-

1220 3634 1318 3690 debant
1330 3649 1439 3704 corpus,
1454 3636 1569 3690 animam
1579 3650 1632 3690 non
1642 3635 1775 3690 videbant.
1786 3633 1840 3690 Sed
1853 3648 1949 3704 corpus
1962 3634 2012 3690 nisi

1220 3722 1254 3781 (le
1267 3724 1356 3778 auinta
1374 3740 1426 3778 uon
1442 3724 1576 3779 videbant.
1592 3723 1723 3779 videbam
1736 3723 1808 3777 cuim
1824 3738 1872 3792 per
1885 3723 2012 3789 oculum,

1220 3815 1267 3871 sed
1275 3816 1346 3871 intus
1355 3805 1461 3886 eratqui
1473 3832 1519 3887 per
1527 3815 1656 3871 fenestras
1668 3814 1822 3885 aspiciebat.
1836 3816 1952 3886 lienique
1961 3815 2014 3872 ‹tis-

1220 3906 1332 3963 eedentc
1342 3906 1501 3972 liabitstorc,
1519 3905 1692 3977 jaeetdomus
1702 3924 1708 3959 :
1718 3905 1871 3963 discedente
1881 3907 1927 3978 qui
1940 3922 2014 3978 repe·

1221 3997 1275 4064 bat,
1287 3998 1358 4054 cadit
1371 3998 1441 4069 orroei
1454 3998 1595 4068 regebatur
1606 4015 1614 4052 ε
1629 4008 1657 4054 et
1668 3998 1793 4070 quoidam
1805 4000 1885 4067 eadit,
1899 4001 2014 4057 cadaver

1220 4100 1339 4146 vocatur.
1355 4088 1448 4145 Nonne
1463 4088 1497 4145 toi
1512 4089 1581 4146 oeuli
1601 4090 1715 4161 integri?
1731 4091 1787 4147 Etsi
1805 4100 1929 4162 pateant,
1946 4093 2013 4148 nibil

1221 4180 1321 4236 vident.
1338 4181 1422 4237 Aures
1436 4180 1548 4247 adsuut3
1564 4181 1612 4237 sed
1633 4181 1757 4252 migrarit
1776 4182 1901 4238 auditor:
1918 4182 2014 4254 linguae

1221 4286 1348 4344 organum
1364 4280 1469 4339 manct;
1484 4272 1532 4328 sed
1545 4272 1677 4328 abscessit
1688 4271 1805 4328 musicus
1819 4272 1863 4342 qul
1875 4272 2012 4347 provebat.

1221 4364 1453 4435 interrogaverunt
1466 4379 1530 4435 ergo
1543 4363 1593 4418 ista
1613 4363 1677 4431 duo,
1693 4377 1791 4434 corpus
1808 4362 1880 4434 qnod
1893 4363 2011 4427 ridetur,

1220 4455 1336 4509 animam
1353 4471 1412 4525 quse
1424 4468 1477 4509 non
1492 4454 1616 4509 videtur:
1630 4464 1658 4511 et
1671 4455 1829 4510 invenerunt
1843 4453 1939 4510 melius
1953 4468 2015 4509 csse

1222 4543 1285 4600 illud
1298 4545 1369 4615 quod
1380 4560 1432 4600 non
1446 4544 1559 4610 videtur,
1574 4560 1653 4614 quana
1666 4545 1731 4600 illud
1742 4544 1812 4615 quod
1824 4544 1943 4609 videtum
1958 4559 2014 4600 nte·
2081 4584 2084 4589 -

1222 4634 1316 4690 liorem
1332 4635 1446 4689 animaru
1465 4634 1607 4699 latentem,
1628 4635 1788 4691 deteriorem
1801 4650 1909 4691 carnem
1930 4649 2014 4706 appa·

1221 4736 1334 4782 rentem.
1358 4726 1488 4783 Viderunt
1522 4727 1587 4793 ista,
1615 4727 1702 4783 intuiti
1726 4737 1806 4794 surrt,
1830 4727 2014 4783 discusserunt

1223 4826 1374 4888 utrumque,
1394 4826 1421 4873 ot
1435 4818 1593 4874 invenerunt
1608 4827 1760 4890 utrumqne,
1777 4818 1903 4875 rrtutabilc
1916 4817 1943 4873 in
1956 4817 2014 4888 ipso

1222 4910 1341 4965 lrornine.
1357 4909 1482 4965 llutabile
1505 4925 1601 4981 corpus
1620 4926 1667 4980 per
1680 4920 1789 4974 states,
1804 4910 2011 4981 pereormptio·

1223 5015 1288 5066 nes,
1305 5004 1356 5073 'per
1369 5001 1511 5068 alimenta,
1527 5016 1575 5071 pcr
1587 5000 1760 5069 relectiones,
1775 5017 1822 5071 per
1834 5000 2015 5064 delectiones,

1223 5091 1390 5160 pervitam,
1410 5105 1458 5160 per
1480 5099 1603 5146 mortem.
1631 5090 1805 5144 Transierunt
1823 5089 1857 5144 ad
1878 5088 2014 5151 arrianam,

1222 5194 1301 5249 quam
1313 5180 1404 5249 utique
1416 5179 1673 5246 comprehenderant
1685 5180 1833 5243 meliorem,
1845 5189 1872 5234 ct
1882 5179 1962 5234 etiam
1974 5179 2016 5233 in-

1223 5269 1353 5323 visibilem
1369 5268 1550 5323 tnirabautur:
1567 5270 1725 5325 invenerunt
1745 5278 1772 5323 ct
1797 5269 1881 5338 ipsam
1897 5268 2014 5323 mutabi-

1223 5361 1293 5423 lom;
1316 5358 1395 5413 ruodo
1408 5358 1492 5425 velle,
1514 5359 1595 5414 modo
1617 5360 1705 5425 nollc;
1726 5360 1805 5415 modo
1825 5361 1911 5428 seire,
1933 5360 2014 5415 mtido

1222 5450 1341 5514 rtescire;
1364 5449 1442 5504 modo
1456 5451 1623 5517 mentinissc,
1639 5451 1718 5507 rnodo
1729 5452 1864 5519 oblivisci;
1887 5453 1967 5509 modo
1982 5455 2014 5508 ti·

1224 5553 1315 5603 mere,
1332 5538 1412 5593 modo
1426 5538 1540 5606 aaderc;
1557 5539 1636 5595 modo
1653 5540 1691 5596 ire
1705 5541 1731 5597 in
1742 5542 1916 5612 sapientiam,
1933 5544 2013 5599 modo

1223 5627 1250 5682 in
1266 5627 1403 5684 stultitiam
1417 5627 1541 5685 delicere.
1558 5628 1688 5686 Viderunt
1701 5641 1728 5687 et
1743 5632 1827 5702 ipsam
1842 5632 2011 5697 mutabilem,

1224 5719 1386 5774 transierunt
1397 5727 1424 5774 et
1434 5719 1517 5788 ipsam
1528 5737 1537 5788 ;
1552 5721 1714 5790 quesierunt
1723 5723 1795 5778 cuim
1805 5723 1904 5793 aliquid
1918 5723 2014 5778 irnruu·

1224 5810 1313 5865 labile.

1258 5898 1372 5955 CAPUT
1394 5896 1437 5954 tn.
1452 5929 1488 5940 -
1504 5901 1531 5954 ὅ.
1548 5897 1698 5974 Plriloroplri
1712 5912 1767 5971 port
1790 5901 1871 5960 Derim
1886 5904 2013 5974 roprritnm

1221 5989 1374 6048 idololatra.
1399 5988 1443 6046 Sic
1463 6005 1527 6062 erpo
1548 6003 1726 6060 pervenerant
1742 5993 1775 6048 ad
1798 5993 2014 6064 eognoscendum
