4759 6684
368 514 420 571 905

370 628 503 694 tudinem,
518 628 567 683 uisi
578 629 694 700 cogitare
708 630 807 698 bouum
822 646 912 688 narare
925 633 1024 696 ὓειιιιις
1040 641 1066 686 ct
1080 631 1160 702 gratis

368 735 461 777 amare
475 720 561 789 ipsum
582 719 665 775 [lcum
680 719 846 791 adjutorem,
861 722 946 792 ipsum
968 730 1160 791 spectatorem,

369 815 456 889 ipsum
469 827 668 883 coronatorem,
684 818 770 887 ipsum
790 818 891 887 premii
918 817 1088 886 largitorear;
1115 831 1162 885 po-

367 916 470 965 stremo
483 907 569 978 ipsum
584 907 720 976 praemium
735 906 881 976 deputare,
897 922 950 962 oon
969 907 1040 963 aliud
1058 906 1162 977 abipso

368 984 447 1071 guam
459 999 545 1068 ipsum
558 997 732 1067 exspectaret
746 998 775 1052 Si
788 1013 874 1063 amas,
890 997 1054 1068 gretisama:
1065 997 1088 1051 si
1100 1010 1162 1051 rere

368 1104 459 1156 noas,
475 1089 533 1159 ipse
546 1089 582 1145 sit
592 1103 695 1144 merces
708 1103 786 1158 quom
797 1102 882 1142 amas.
897 1090 938 1143 do
949 1102 1012 1143 uero
1022 1087 1069 1142 tibi
1081 1088 1162 1141 cbara

366 1187 431 1237 rum
442 1177 547 1243 omnia,
558 1187 585 1233 et
599 1177 657 1233 tilis
669 1186 711 1232 est
726 1178 771 1233 ille
782 1179 826 1248 qui
840 1177 958 1232 condidit
970 1176 1078 1232 omnia?

400 1264 514 1324 CAPUT
524 1264 625 1321 t.-5.
638 1263 800 1337 Profundum
812 1267 902 1320 crucia.
913 1265 975 1320 llaec
986 1252 1160 1334 utpossimos',

365 1358 439 1415 desit
450 1373 537 1429 genua
550 1372 599 1412 sua
614 1371 663 1427 pro
677 1356 753 1412 nobis
769 1357 925 1428 Apostolus,
944 1357 1034 1427 utique
1054 1357 1115 1411 ideo
1133 1366 1162 1411 ot

364 1451 445 1508 deorr
454 1451 540 1506 nobis.
558 1450 652 1505 Terret
663 1450 735 1506 enim
757 1460 785 1505 ct
805 1450 998 1521 Erarrgclium:
1019 1448 1095 1504 Veiis
1115 1449 1162 1503 do-

365 1551 419 1597 tum
430 1551 468 1597 ert
489 1541 552 1595 reire
563 1541 709 1611 mysterium
723 1542 795 1613 regni
803 1583 811 1608 ,
824 1542 876 1596 ttttr
888 1550 973 1595 irritem
995 1551 1093 1596 nonest
1113 1542 1161 1595 do-

364 1641 433 1688 ιιιιιι.
447 1632 495 1699 Oui
507 1632 573 1688 enim
591 1631 674 1698 landet,
688 1633 790 1685 debitor
802 1633 834 1686 ei.
849 1632 914 1700 Quis
926 1641 1013 1687 antem
1030 1632 1107 1687 babet
1120 1634 1161 1688 cui

363 1724 488 1788 dabitur,
502 1723 551 1777 nisi
565 1724 606 1777 coi
623 1723 713 1777 datum
729 1723 789 1777 est?
804 1722 854 1790 Qui
875 1733 957 1777 entem
974 1739 1022 1776 rien
1038 1724 1111 1776 babet
1121 1763 1128 1786 ‚
1140 1734 1163 1776 et

363 1812 436 1885 quod
453 1812 526 1868 mter
540 1815 668 1884 suferetur
679 1813 748 1867 obeo
761 1812 866 1883 (dario.
882 1829 938 1877 uror,
962 1815 1004 1879 ll,
1021 1813 1075 1881 ld).
1098 1812 1163 1881 Quis

363 1913 456 1960 autem
471 1918 525 1959 non
538 1903 628 1969 babet,
638 1904 687 1959 nisi
702 1905 744 1959 coi
760 1921 811 1958 noa
823 1913 863 1959 est
874 1904 985 1959 danim?
996 1904 1084 1972 Quare
1098 1920 1162 1973 ergo

363 1994 404 2053 titt
416 1995 508 2050 datum
523 2003 579 2060 est,
601 2003 629 2049 et
647 1995 683 2048 illi
698 2011 751 2050 non
764 2003 806 2050 est
817 1994 929 2050 datum?
955 1995 1011 2050 Non
1028 2012 1070 2050 me
1094 1998 1163 2066 piget

363 2086 473 2153 dicere,
495 2087 546 2142 buc
565 2094 606 2142 est
627 2086 788 2157 protundum
802 2087 898 2142 erneis.
917 2085 955 2141 ue
971 2086 1101 2157 probando
1114 2102 1163 2143 oe·

364 2177 424 2233 seio
436 2192 490 2248 quo
499 2176 661 2249 judiciorum
675 2177 737 2242 lici,
751 2192 810 2247 (pure
823 2179 982 2247 perscrutari
997 2179 1162 2250 contempla·

364 2268 443 2339 riqrre
462 2284 514 2323 riou
527 2283 685 2339 possumus,
699 2268 819 2338 procedit
833 2283 913 2324 omne
926 2269 996 2338 oortd
1012 2284 1160 2338 possumus.

365 2358 405 2414 ue
419 2358 607 2427 protundum,
624 2361 740 2430 inquam,
755 2360 844 2416 nescio
866 2376 916 2431 (pua
930 2361 1088 2430 judiciorum
1104 2361 1161 2428 Dei,

364 2464 427 2521 nram
441 2450 621 2507 inscrutabilia
647 2452 820 2522 contemplari
839 2467 892 2507 oon
915 2466 1072 2522 passumus,
1102 2469 1162 2522 pcr-

364 2541 480 2595 serutari
493 2557 545 2596 mm
555 2543 684 2607 ratenus,
700 2541 820 2611 procedit
833 2557 912 2597 omrre
927 2542 997 2613 quod
1010 2556 1163 2613 possumus·

363 2630 443 2700 pono
457 2647 583 2700 praestem,
600 2633 697 2686 rideo:
714 2634 784 2687 turdo
797 2634 914 2704 possim,
927 2648 978 2687 ιιοιι
995 2633 1091 2700 ride0;
1111 2633 1161 2690 nisi

363 2722 428 2791 quia
448 2731 477 2777 et
496 2722 546 2777 liae
562 2723 690 2778 imotenus
704 2723 801 2785 rideo,
816 2723 886 2794 quood
900 2725 961 2777 nori
984 2738 1042 2778 esse
1059 2738 1073 2777 a
1097 2724 1161 2780 beo.

363 2812 456 2881 otiare
469 2822 557 2869 autem
570 2814 656 2875 litum.
672 2822 699 2869 et
714 2828 766 2868 non
780 2814 853 2867 illum
869 2831 874 2866 :
889 2813 1000 2869 inuitum
1011 2813 1094 2868 estad
1107 2827 1162 2885 roe,

364 2902 481 2973 abyssus
498 2912 556 2969 ert,
572 2902 830 2973 profundummaris
844 2913 902 2967 ost;
922 2904 1097 2960 adiriimtione
1113 2919 1146 2961 ea

363 2992 1161 3066 elanrarepossom,disputationedemonstrarenoomum.

363 3081 1165 3158 QuidpossumexclamaredeistuproiortditoteiQuemom·

366 3172 489 3243 purificata
498 3183 555 3226 root
569 3190 648 3243 opere
660 3183 713 3240 too,
725 3172 848 3230 Dareine!
857 3174 955 3230 Gcrrtes
969 3175 1159 3243 illuminantur,

365 3261 636 3319 ludariexeommur.
650 3264 762 3331 Quidam
783 3266 883 3335 parvoli
895 3275 1061 3321 sacramento
1075 3266 1161 3337 llupti-

365 3351 461 3409 smatis
473 3352 625 3417 abluuntur,
638 3354 745 3424 quidam
753 3372 817 3411 reru
828 3357 928 3426 parroli
944 3358 970 3410 in
984 3367 1069 3413 morte
1083 3359 1161 3428 primi

366 3440 483 3499 hominiis
492 3444 686 3514 relinquuntur.
697 3445 778 3512 Quom
787 3448 949 3519 irrognificoto
956 3460 1013 3502 sum
1020 3466 1097 3521 opero
1105 3461 1159 3518 tue,

365 3534 496 3591 Domine!
506 3535 591 3590 ll'iorir
603 3538 735 3608 profunda·
744 3543 818 3609 [cerie
827 3548 883 3592 rnrrt
891 3540 1052 3610 cogitationes
1058 3543 1120 3597 trroe!
1127 3543 1161 3599 Et

365 3627 489 3698 sequitur
504 3645 511 3680 :
532 3625 576 3681 l'ir
590 3627 736 3698 {inprudens
751 3645 799 3682 non
813 3631 955 3700 cognoscit,
971 3641 993 3683 et
1005 3632 1095 3686 stultos
1109 3649 1160 3688 nee

365 3719 488 3793 intelligit
515 3726 568 3777 brec
582 3718 666 3795 ll'rol.
691 3736 755 3787 xer,
772 3720 803 3788 6,
828 3723 866 3793 l).
882 3722 950 3789 Quid
972 3739 1023 3778 nou
1039 3725 1162 3795 intelligit

366 3813 465 3869 stultos
477 3823 506 3868 et
517 3812 690 3883 imprudens?
713 3811 780 3882 Quia
795 3814 837 3868 sol
852 3814 1013 3885 prolundom
1027 3823 1077 3872 est.
1093 3814 1160 3872 Naro

365 3903 501 3963 uittoltus
513 3918 565 3961 nou
585 3904 723 3974 intelligit,
737 3913 763 3959 et
776 3906 882 3975 sapiens
895 3905 1035 3977 inti-trigo,
1051 3923 1104 3962 noo
1119 3917 1161 3964 cst

367 3995 628 4070 uimisproiundom.
639 3995 691 4051 Sed
700 3997 721 4050 si
730 3997 836 4066 sapiens
847 3996 967 4067 imrlligit
979 3998 1040 4066 qim
1052 3999 1160 4068 proluu-

366 4088 431 4147 dt·
443 4099 496 4154 est,
505 4090 602 4144 stultus
618 4104 669 4143 ιιοιι
680 4089 800 4158 intelligit
812 4089 873 4157 quia
888 4089 928 4144 rel
938 4088 1096 4159 profundum
1109 4101 1159 4145 est.

400 4180 430 4237 6.
450 4180 532 4236 Error
550 4182 581 4235 de
598 4182 742 4234 enirrmrom
757 4192 859 4250 peceato
873 4191 933 4235 onte
954 4198 1061 4251 corpur,
1082 4183 1159 4239 ande.

366 4270 430 4329 ideo
446 4272 522 4327 multi
536 4272 570 4327 de
583 4273 634 4327 isto
650 4271 779 4342 profundo
793 4281 942 4340 quaerentes
956 4272 1066 4328 reddere
1081 4275 1160 4329 ratio-

367 4380 447 4428 nem,
463 4366 490 4419 iu
505 4364 606 4421 libains
628 4364 753 4418 uarritatis
777 4364 908 4421 abierunt.
926 4365 1014 4435 Aliqui
1037 4366 1162 4425 dixerunt

367 4456 439 4527 qood
453 4458 549 4512 arrimm
557 4472 661 4512 sursum
672 4456 697 4511 in
708 4457 903 4526 coelopeccaot‚
915 4466 942 4510 ct
956 4457 1103 4512 secundum
1114 4474 1160 4512 stra

368 4555 478 4617 peecata
497 4546 531 4601 ad
544 4562 656 4617 corpora
679 4547 841 4617 promeritis
855 4546 1019 4618 diriguntur,
1034 4558 1061 4604 et
1075 4549 1161 4619 dignis

368 4634 405 4691 ibi
418 4637 493 4706 quasi
512 4636 859 4691 carceribusincluduntur.
879 4636 968 4692 lerunt
986 4646 1047 4707 post
1059 4637 1160 4708 cogita·

369 4732 457 4787 rimer
478 4743 558 4793 stras;
583 4729 702 4784 uolentes
723 4728 859 4798 disponite
884 4729 917 4785 de
941 4729 985 4784 bet
1011 4729 1159 4799 profundo,

371 4818 452 4873 norst
477 4827 540 4872 sunt
560 4819 585 4871 in
605 4817 777 4889 preliandum.
794 4818 916 4873 Occurrit
937 4820 1008 4874 euim
1033 4821 1072 4874 eis
1087 4820 1160 4888 Apu·

369 4909 578 4971 memmonicos
597 4910 707 4979 graticio
732 4908 942 4973 commendare,
962 4919 989 4962 rt
1005 4910 1083 4980 clegit
1102 4911 1161 4965 illos

371 4998 491 5074 geminos
512 5000 539 5054 io
553 5007 627 5054 utero
640 5000 783 5064 Rebecca,
809 5009 834 5054 et
856 5000 941 5054 dicit:
961 5000 1082 5055 b'ondnm
1096 5004 1162 5057 enim

372 5089 452 5154 aude,
469 5105 513 5143 nee
534 5091 577 5160 prii
590 5090 687 5161 aliquid
699 5090 792 5161 egerint
807 5091 865 5144 boni
879 5102 922 5144 ont
935 5091 996 5143 raeti
1011 5092 1097 5163 (llorrr.
1117 5110 1160 5160 rs,

376 5176 429 5250 ll).
444 5178 510 5234 tide
521 5180 744 5250 qrreroadmoduor
759 5181 818 5235 tulit
829 5181 904 5233 ranis
918 5179 1068 5237 bominibus
1078 5185 1162 5253 plion·

377 5270 453 5325 osias
464 5271 674 5324 conversationis
690 5271 839 5325 uninrarum
853 5279 916 5324 ante
928 5285 1026 5340 corpus
1038 5273 1064 5326 io
1080 5274 1159 5329 coelo.

376 5356 400 5413 Si
417 5361 489 5416 enim
505 5361 540 5415 ibi
551 5361 606 5430 jam
628 5371 884 5425 convomuerunt,
905 5362 959 5432 J'anr
981 5363 1080 5432 atiqnid
1099 5365 1161 5420 boni

376 5459 483 5520 egerunt
503 5450 545 5506 rel
558 5452 634 5515 rurali,
650 5460 678 5508 et
692 5468 739 5523 pro
755 5453 856 5509 meritis
870 5453 926 5506 suis
937 5453 969 5506 ad
984 5469 1095 5525 corpora
1109 5464 1163 5510 ter·

377 5552 436 5596 rena
450 5542 566 5597 detrusae
578 5552 640 5597 sunt
652 5546 671 5596 ¹.
693 5544 720 5599 Si
736 5544 839 5613 placet,
862 5544 1075 5599 contradicamus
1088 5548 1160 5616 dpu-

376 5634 455 5697 ttolo,
468 5635 512 5702 «piri
523 5634 599 5701 dixit,
615 5635 736 5689 deridunt
749 5637 831 5702 notis,
848 5653 893 5690 nec
902 5637 945 5707 goi
960 5636 1056 5708 aliquid
1069 5639 1163 5709 egerint

376 5722 430 5778 dorii
442 5735 486 5778 rut
508 5726 579 5778 meti.
597 5725 652 5781 lloe
664 5736 753 5781 :utitem
772 5729 833 5798 qnia
851 5736 959 5798 propter
971 5729 1091 5799 Apostoli
1108 5733 1163 5784 eri·

376 5810 478 5867 mortem
489 5816 647 5869 sententiam
664 5818 764 5885 respuit
777 5817 906 5871 corbolien
924 5816 1005 5887 sides,
1020 5816 1089 5889 quod
1103 5817 1161 5873 anl-

405 5946 450 5996 ¹br
462 5955 527 6005 use,
539 5947 627 6000 dt'rottu
635 5956 698 6001 turri.

484 6044 621 6110 Pornoc.
642 6049 818 6119 xxxviii.

1073 513 1188 569 sittim
1207 512 1306 568 ctat.

1952 518 2006 580 906

1215 644 1265 682 ιιιω
1279 631 1305 683 in
1320 629 1395 684 coelis
1418 629 1490 697 prins
1505 629 1592 684 viram
1612 637 1638 684 ct
1664 642 1873 704 conversentur,
1901 648 1929 693 et
1951 638 2005 695 illie

1217 720 1428 788 recipiendorum
1439 734 1580 789 corporum
1596 737 1647 776 orer
1656 718 1688 776 ita
1702 734 1854 793 assumant,
1870 729 1950 784 niodo
1963 728 2006 785 inti

1216 809 1314 866 norcill
1329 808 1367 879 (a)
1382 826 1435 865 non
1450 811 1547 865 audent
1557 812 1656 867 dicere.

1249 901 1363 959 ditior
1388 901 1476 956 l'l.-
1493 904 1519 956 t.
1541 902 1612 957 llere
1632 905 1734 960 rionaiti
1751 922 1782 961 ee
1802 918 1912 979 percote
1942 910 1995 963 l’nr

1214 990 1329 1044 rodarum
1347 1006 1414 1046 rnorr
1431 1008 1463 1045 re
1485 1003 1587 1062 perroto
1608 994 1683 1062 primi
1694 995 1810 1050 bertinis.
1825 996 1876 1051 Sed
1891 999 1953 1068 quid
1966 998 2006 1055 di-

1215 1089 1278 1135 com
1288 1082 1300 1135 l
1311 1081 1412 1151 Aliqui,
1424 1083 1492 1136 sicut
1505 1083 1663 1147 audirimus,
1676 1085 1791 1154 ipsorum
1805 1088 1840 1141 ita
1854 1087 1990 1159 disputant
2006 1110 2011 1142 :

1214 1170 1343 1237 Prorsus,
1359 1172 1495 1243 inquiunt,
1520 1188 1568 1241 pro
1580 1176 1681 1229 irreritie
1694 1177 1749 1231 suis
1768 1192 1862 1233 onmes
1883 1178 2010 1235 bornioes

1216 1262 1380 1328 moriuntur,
1402 1264 1463 1332 onia
1477 1275 1666 1333 peccaroront5
1680 1281 1732 1320 non
1745 1267 1815 1321 enim
1830 1278 1901 1323 esset
1915 1285 1988 1324 mors
2005 1315 2013 1340 ‚

1216 1353 1267 1408 nisi
1282 1354 1392 1409 reoicns
1406 1355 1439 1409 dc
1453 1366 1572 1423 peccato.
1594 1357 1698 1427 Optime
1720 1359 1826 1428 (guidem
1839 1369 1866 1415 et
1887 1377 1950 1418 vore
1965 1362 2007 1417 di·

1215 1450 1285 1497 etom
1303 1454 1361 1509 est,
1380 1443 1437 1499 Non
1461 1454 1532 1500 esset
1546 1461 1633 1509 rnors,
1649 1448 1699 1502 nisi
1718 1448 1827 1503 ueniens
1840 1450 1873 1504 de
1887 1462 2004 1520 peccam.

1214 1531 1267 1588 Sed
1281 1549 1341 1604 ego,
1352 1550 1412 1589 com
1426 1534 1477 1590 boe
1490 1536 1586 1599 nodio,
1602 1537 1663 1592 idco
1675 1538 1771 1605 laudo,
1786 1540 1847 1610 orda
1862 1543 1931 1596 illam
1952 1546 2006 1614 pri-

1214 1639 1285 1678 mam
1299 1634 1410 1680 mortem
1428 1626 1532 1680 intueor
1555 1637 1581 1681 et
1596 1627 1667 1681 illius
1687 1629 1763 1697 primi
1779 1628 1895 1686 liorninis
1910 1647 2005 1701 [eem-

1215 1723 1279 1767 tom.
1305 1716 1390 1769 dudio
1411 1720 1480 1770 enim
1496 1719 1650 1785 Apostolum
1666 1737 1674 1775 r
1692 1720 1798 1774 Sicorin
1820 1723 1902 1776 Adam
1920 1741 2006 1781 corner

1214 1806 1368 1871 moriuntur,
1383 1808 1419 1861 rie
1433 1818 1456 1861 et
1469 1809 1495 1861 io
1508 1807 1607 1862 cnoro
1619 1812 1901 1880 emrrmeieifiredratur
1910 1814 1930 1886 (Ι
1944 1816 2004 1872 Cer.

1214 1908 1260 1957 xo,
1274 1893 1331 1964 ᾗ).
1348 1894 1400 1949 Per
1412 1914 1489 1949 orrum
1503 1898 1628 1951 irorrtinem
1643 1911 1772 1968 peccatum
1784 1903 1884 1958 intrarit
1897 1907 1923 1960 io
1934 1924 2006 1962 marn·

1214 1984 1293 2052 dom,
1308 1997 1333 2040 et
1356 2003 1400 2055 per
1423 2000 1551 2057 peccorum
1566 1993 1775 2055 otorantinam
1789 2013 1873 2051 omnen
1893 1998 2006 2054 booriner

1214 2076 1372 2144 pertransiit,
1387 2076 1414 2131 io
1436 2093 1486 2148 guo
1500 2095 1585 2133 emeres
1614 2094 1777 2150 peccouermrt
1801 2086 1888 2154 (oon.
1904 2103 1931 2154 r,
1948 2089 2005 2161 tt).

1214 2164 1313 2221 (iratres
1325 2167 1396 2221 enim
1418 2183 1486 2224 unos
1508 2167 1627 2240 luerunt.
1652 2172 1696 2228 Sic
1720 2183 1746 2228 te
1771 2176 1851 2231 audio
1872 2177 2005 2237 dicentem

1215 2265 1329 2312 mortem
1343 2257 1459 2313 bominis
1473 2260 1506 2315 de
1529 2271 1638 2330 peoroto
1660 2265 1742 2320 csse?
1762 2265 1835 2334 Non,
1852 2271 1945 2340 inquit.
1972 2272 2007 2326 Et

1214 2349 1276 2418 qnid
1291 2350 1376 2403 dieis?
1389 2350 1501 2406 Omnem
1515 2353 1649 2408 boroinem
1665 2356 1734 2411 Deus
1746 2358 1922 2415 immortalem
1933 2374 2006 2417 creat

1215 2441 1303 2495 rrrirdo.
1320 2443 1446 2498 llirabilis
1459 2446 1563 2500 nrrvitas
1578 2448 1598 2500 ¹.
1622 2447 1689 2514 Quid
1705 2449 1792 2503 dicis?
1812 2451 1940 2518 Prorsos,
1963 2456 2005 2509 in-

1214 2531 1282 2601 quit,
1292 2548 1398 2588 omnem
1411 2533 1545 2588 bominem
1556 2536 1626 2590 Deus
1634 2537 1809 2595 immortalem
1823 2552 1905 2597 creat.
1918 2545 2007 2613 Quare

1214 2639 1278 2694 crgo
1304 2626 1454 2679 moriuntur
1480 2628 1581 2696 parsuli
1608 2629 1741 2685 infames?
1766 2632 1831 2687 llam
1857 2635 1879 2689 si
1900 2635 2004 2702 dicam,

1213 2713 1301 2781 Quare
1313 2717 1463 2770 moriuntur
1476 2718 1589 2786 grandes
1603 2718 1744 2776 homines?
1757 2721 1876 2779 dicturus
1885 2740 1915 2781 es
1928 2728 2003 2793 mibi,

1214 2807 1403 2863 Peccauerunt.
1416 2808 1486 2878 Ergo
1498 2803 1533 2864 de
1547 2810 1677 2881 majorum
1692 2821 1770 2869 erate
1780 2829 1832 2869 noo
1844 2817 1985 2889 disputabo
1998 2840 2004 2874 ι

1214 2898 1382 2967 paruulorum
1408 2899 1545 2954 lrriautiam
1559 2911 1651 2957 matra
1676 2914 1702 2958 te
1715 2911 1810 2961 testem
1824 2907 1923 2962 citabo.
1946 2909 2004 2964 Nou

1215 2987 1374 3061 loquuntur,
1387 3002 1415 3046 et
1427 2993 1589 3048 convincunt
1604 3011 1612 3048 ι
1628 3002 1733 3062 tacent,
1747 3004 1775 3053 et
1786 2998 1856 3068 quod
1871 2998 1931 3054 dico
1942 3016 2006 3071 pro·

1213 3076 1288 3133 bant.
1300 3078 1369 3135 Eece
1383 3080 1498 3136 inientes
1508 3083 1535 3137 io
1547 3083 1603 3140 suis
1613 3085 1703 3154 utique
1713 3087 1837 3156 operibus
1850 3090 2004 3146 innocentes

1213 3175 1287 3234 suot,
1295 3168 1361 3224 nibil
1370 3172 1516 3227 seeomrrisi
1523 3173 1594 3244 quod
1607 3174 1642 3229 de
1656 3176 1741 3244 primo
1750 3177 1857 3234 tronrioe
1868 3189 2005 3238 traxerunt

1215 3257 1361 3315 babentes:
1375 3260 1665 3333 goiborproptereaest
1675 3267 1759 3336 gratia
1769 3269 1869 3324 coristi
1881 3286 2005 3328 necessa·

1213 3351 1269 3419 ria,
1285 3363 1316 3409 ot
1335 3355 1361 3409 io
1375 3354 1480 3411 Christo
1495 3355 1676 3423 ririlleentur,
1697 3359 1743 3430 qui
1763 3361 1885 3418 inditam
1904 3370 2001 3421 mortni

1213 3453 1286 3509 sunt;
1297 3455 1324 3500 ut
1335 3445 1395 3515 quia
1404 3446 1530 3516 inquinati
1539 3456 1600 3502 sunt
1613 3453 1795 3519 generatione,
1806 3464 1948 3525 purgentur
1961 3474 2003 3511 rc·

1212 3536 1394 3606 generatione,
1410 3536 1555 3609 lpsosergo
1565 3548 1646 3595 testes
1655 3542 1752 3597 citabo.
1765 3542 1907 3614 Responde
1919 3549 1981 3602 mibi
1997 3568 2004 3601 ε

1212 3625 1301 3691 Quare
1316 3628 1480 3693 nutriuntur,
1499 3629 1521 3682 si
1535 3644 1629 3684 ornnes
1643 3629 1765 3687 homiues
1780 3636 1943 3691 immortales
1956 3653 2006 3690 oa·

1213 3725 1339 3780 scuntur,
1352 3725 1379 3771 et
1390 3717 1516 3784 quoidam
1533 3729 1661 3787 preerant,
1676 3719 1736 3776 ideo
1750 3723 1920 3779 moriuntur?
1937 3727 2004 3793 Quia

1213 3808 1311 3878 putatis
1324 3807 1376 3861 dici
1388 3807 1526 3875 potuisset
1540 3808 1604 3876 Quae
1616 3824 1695 3864 orirer
1709 3811 1811 3867 ierant?
1825 3813 2005 3872 Peccauerunt

1213 3905 1241 3955 et
1253 3897 1314 3969 ipsi.
1334 3895 1385 3955 um
1408 3900 1687 3973 peecareruottltogo
1700 3909 1742 3970 te,
1763 3905 2005 3981 quandopeecare·

1213 3991 1297 4044 romi
1308 3990 1443 4059 quomodo
1462 3994 1656 4060 peccauerunt?
1672 3995 1773 4050 Beuum
1786 4006 1814 4053 et
1826 4001 1923 4056 malurn
1942 4006 2006 4074 quid

1213 4081 1248 4134 sit
1259 4081 1390 4135 nesciunt.
1405 4081 1544 4136 Peccatum
1555 4082 1698 4152 occipiunt,
1714 4086 1759 4154 troi
1775 4101 1935 4159 preceptum
1952 4109 2004 4148 non

1213 4171 1338 4240 capiunt?
1355 4171 1438 4226 Proba
1455 4172 1520 4225 milri
1544 4183 1697 4242 peccatores
1719 4175 1832 4235 inianter
1849 4182 1938 4250 :qrrcrd
1962 4183 2005 4239 di-

1214 4263 1293 4327 sisti,
1318 4279 1379 4318 rere
1394 4264 1455 4333 quia
1480 4263 1578 4319 obiitus
1591 4279 1621 4320 cs
1643 4267 1714 4336 qurrd
1730 4267 1817 4332 luisti,
1833 4273 1914 4339 protm
1941 4276 2003 4330 milri

1214 4364 1321 4422 peecata
1335 4356 1483 4410 infantium.
1507 4358 1547 4411 Αιι
1571 4359 1631 4427 qnia
1646 4358 1763 4428 plorant,
1792 4368 1920 4431 precanti
1944 4368 2003 4436 ιμιὶι

1214 4446 1329 4500 urotibus
1341 4446 1415 4517 quasi
1429 4456 1561 4501 mutorum
1576 4448 1748 4516 animalium,
1764 4452 1900 4510 molestias
1915 4460 2005 4527 repet·

1215 4539 1291 4604 lant,
1305 4538 1454 4618 uoluptates
1475 4538 1627 4608 accipiunt,
1653 4539 1713 4595 ideo
1725 4546 1855 4611 peccarit?
1867 4546 1895 4601 Si
1917 4559 2005 4603 mmm

1215 4633 1258 4686 isti
1285 4641 1392 4702 peccata
1405 4641 1483 4698 soro,
1498 4633 1642 4701 ampliores
1657 4644 1810 4703 peccatores
1830 4639 1856 4693 in
1871 4641 2006 4710 imprismo

1215 4722 1298 4788 llurit;
1319 4722 1379 4793 quia
1400 4739 1460 4777 cum
1482 4723 1664 4793 baptizantur,
1680 4725 1912 4786 uehementissime
1936 4735 2006 4788 relu-

1215 4824 1330 4869 ctantur.
1345 4814 1433 4881 Quare
1445 4814 1498 4869 illis
1516 4816 1542 4870 in
1558 4824 1629 4870 tanta
1644 4818 1818 4875 reluctatione
1839 4838 1891 4877 oon
1918 4826 2005 4899 impo-

1216 4916 1287 4961 tator
1298 4916 1451 4976 peceatum,
1465 4907 1515 4962 nisi
1530 4908 1590 4978 qrria
1601 4910 1701 4965 nullum
1712 4920 1752 4966 est
1763 4911 1849 4970 adbuc
1863 4916 2006 4974 uoluntatis

1215 4999 1371 5054 arbitrium?

1251 5091 1278 5144 8.
1297 5089 1400 5144 Porordi
1421 5091 1448 5145 in
1471 5102 1541 5144 rutero
1564 5092 1687 5145 exstincti.
1707 5091 1759 5147 Sed
1779 5095 1849 5150 aiirrd
1867 5097 1926 5154 dieu
1938 5117 1945 5151 ε
1957 5100 2002 5155 lstl

1216 5181 1278 5249 quia
1301 5182 1354 5235 nati
1377 5188 1448 5243 sont,
1464 5189 1492 5233 ut
1510 5179 1655 5242 arbitraris,
1669 5192 1820 5248 peccarunt.
1837 5184 1902 5240 liam
1915 5188 1936 5241 si
1952 5205 2003 5243 mor

1217 5279 1367 5339 peccarent,
1383 5268 1483 5338 inquis,
1501 5283 1552 5321 rron
1568 5278 1744 5324 morerentur.
1757 5271 1825 5336 erid
1843 5272 1876 5329 de
1899 5277 1951 5331 illis
1962 5279 2004 5333 di·

1216 5359 1256 5416 cis
1271 5360 1316 5430 qni
1334 5361 1360 5412 in
1376 5368 1451 5413 utero
1473 5358 1677 5413 artorionturil)
1695 5362 1829 5430 arrgustia!
1842 5365 1874 5418 m
1891 5366 1950 5434 ipsi,
1965 5375 2006 5429 ῑιι-

1216 5453 1283 5520 quit,
1302 5457 1455 5518 peccarunt,
1478 5449 1537 5502 ideo
1559 5450 1717 5503 mormotor.
1738 5451 1865 5519 ilentiris,
1880 5471 1913 5510 an
1928 5456 2005 5514 bille-

1217 5539 1273 5594 risl
1287 5538 1449 5594 Gurrtradieit
1462 5539 1603 5607 Apostolus
1614 5556 1620 5592 :
1632 5537 1753 5593 Nurrdorn
1768 5543 1843 5611 notit,
1853 5561 1897 5599 nee
1911 5549 2009 5617 alicuid

1217 5630 2003 5707 agentiburbonioatmelillagisApostoloroaudiuqoomtc.

1217 5721 1435 5792 magistposioto
1442 5721 1522 5776 crudo
1530 5737 1608 5792 quam
1621 5722 1678 5776 tibi.
1688 5723 1809 5778 Nondum
1819 5730 1893 5808 notis,
1901 5747 1945 5784 acc
1955 5733 2005 5785 ali·

1250 5833 1349 5881 Ιιὀιιιι
1358 5833 1384 5882 ia
1393 5832 1534 5895 quilmsdanr
1548 5831 1614 5882 libris
1624 5834 1659 5882 sic
1669 5834 1891 5896 iuterponguatur:
1908 5837 2004 5892 ιἰιιιιιιι-

1217 5891 1290 5944 tnion
1301 5899 1374 5942 creet.
1387 5894 1455 5943 nodo
1466 5893 1581 5944 neirobiiie
1590 5895 1688 5946 neritus.

1251 5955 1288 6016 (a)
1304 5954 1430 6016 Pelagium.

1646 6040 1883 6122 (liupr-neus.)
