4759 6684
413 727 439 780 t.
456 724 532 778 antor
558 723 668 792 infimus.
690 710 782 775 arndeo
807 717 894 773 dicere
908 714 1036 770 Cinaritati
1051 724 1165 770 restrae:

381 814 409 869 ln
428 814 597 870 interioribus
611 808 787 874 attendmnus,
803 806 873 878 quod
889 806 914 860 iu
932 804 1113 876 superioribus
1124 802 1167 857 iu·

378 901 607 981 rmiamus.1pse
628 916 704 957 amor
724 900 829 955 inlirnus
846 906 926 969 atque
948 905 1087 960 terrenus,
1110 882 1167 964 ipse

379 1010 455 1050 aanor
467 990 591 1048 sordidus
601 1001 628 1047 ει
640 985 795 1065 flagitiosus,
808 987 853 1059 qui
865 986 985 1057 eorporis
998 981 1168 1056 pnlebritudi·

377 1095 429 1149 ¹ses
440 1090 619 1148 corisectatur,
638 1076 735 1152 aliquid
757 1093 806 1134 uos
820 1076 946 1132 admonet
958 1075 1027 1131 eride
1040 1073 1074 1130 ad
1087 1088 1167 1144 supe·

376 1173 448 1228 nura
459 1181 487 1228 et
498 1171 638 1228 mundiora
653 1181 802 1240 surgamus.
814 1169 892 1222 ltmut
906 1164 1001 1236 aliquis
1013 1165 1127 1220 laseims
1140 1172 1168 1220 et

377 1263 526 1336 impudicus
550 1261 753 1334 pulcherrimam
780 1256 926 1314 leoninam:
947 1264 1035 1311 moret
1060 1254 1166 1326 quidem

377 1357 499 1428 eorporis
515 1353 701 1428 pulchritudo,
721 1351 767 1408 sed
788 1352 858 1406 intus
872 1350 1000 1422 quaeritur
1012 1347 1111 1402 atriolis
1126 1347 1165 1402 ri·

321 1503 323 1507 ,
376 1444 515 1504 eissitudo.
530 1447 558 1502 Si
570 1446 641 1502 enim
656 1444 746 1499 audiat
756 1443 825 1514 quod
836 1435 880 1498 illa
892 1440 979 1497 oderit
992 1456 1063 1506 error,
1079 1452 1167 1494 norme

376 1539 464 1594 nornis
485 1539 529 1593 iile
548 1547 629 1593 aestus
650 1545 677 1592 et
698 1536 811 1607 impetos
829 1535 899 1590 eirea
918 1533 1035 1589 orerrrbra
1058 1530 1165 1602 pnlebra

375 1626 506 1701 lrigescit,
521 1638 547 1684 et
561 1628 596 1684 ab
610 1643 642 1683 eo
657 1627 727 1701 quod
741 1625 889 1683 intenderat
901 1626 1015 1696 quodam
1029 1624 1107 1679 modo
1122 1639 1165 1678 re·

375 1720 442 1786 silit,
453 1720 592 1786 avertitur,
605 1716 765 1784 odetrditur,
788 1717 876 1772 odisse
895 1718 974 1772 etiam
994 1717 1050 1784 ipse
1074 1714 1166 1784 incipit

376 1808 448 1881 quod
463 1807 586 1864 attrabat?
596 1806 729 1879 Numquid
742 1806 825 1862 lurma
840 1815 938 1862 trintum
953 1806 1011 1860 est?
1025 1804 1116 1859 Niiune
1130 1803 1165 1859 ibi

376 1909 440 1955 suut
451 1900 539 1954 omnia
554 1893 613 1971 quse
628 1898 785 1955 illexerant?
796 1896 833 1952 ibi
847 1907 908 1953 snm
920 1916 925 1950 x
939 1905 967 1952 et
984 1906 1071 1951 critico
1087 1895 1165 1951 arde-

375 1986 420 2048 itut
435 1991 461 2047 iu
473 2006 507 2048 eo
521 1991 590 2063 qnod
605 1989 721 2058 ridebat,
737 2000 764 2046 et
782 1990 816 2046 de
833 1990 915 2045 eorde
935 1990 1076 2058 exigebat¹
1095 1987 1165 2058 qninl

375 2098 431 2142 bota
445 2079 559 2142 ridebat.
575 2085 603 2139 Si
616 2094 680 2140 tero
692 2091 833 2153 cognuscat
846 2083 905 2152 qula
920 2081 1035 2135 vicissim
1050 2089 1163 2144 uitiatur,

376 2174 511 2246 quomodo
525 2174 708 2232 uehementius
727 2171 887 2228 inardescit?
906 2170 986 2227 videt
1007 2170 1051 2226 illa
1071 2170 1163 2235 iilum,

375 2264 447 2321 sitiet
466 2264 511 2321 iile
532 2265 614 2331 illam,
631 2279 748 2319 amorem
762 2278 841 2319 nemo
854 2262 924 2318 ridet
939 2278 945 2314 τ
961 2271 988 2317 et
1003 2272 1091 2317 tamen
1108 2260 1165 2330 ipse

374 2365 478 2413 tutatur
487 2354 531 2427 qui
545 2371 597 2411 non
608 2354 722 2410 ridetur.

409 2439 522 2503 CAPUT
542 2442 584 2501 iit.
598 2476 635 2486 -
649 2438 676 2502 5.
697 2440 765 2499 oens
779 2445 909 2511 continuo,
923 2459 981 2498 carn
993 2450 1103 2508 umutnr,
1118 2442 1165 2495 lan*

374 2536 453 2591 beten
483 2535 581 2608 Erigite
606 2550 654 2590 ros
672 2532 706 2589 ab
723 2533 774 2589 ista
798 2532 926 2589 lutulenta
952 2529 1115 2602 cupiditate,
1138 2542 1166 2587 ut

374 2626 506 2682 maneatis
519 2626 544 2681 iu
566 2624 788 2681 illuminatissima
803 2621 942 2680 eunome
957 2620 1039 2678 Deum
1055 2637 1108 2678 noo
1128 2621 1166 2676 ri*

375 2719 423 2774 tles
434 2733 441 2782 ς
454 2728 525 2780 aura,
536 2724 563 2771 et
577 2716 669 2770 babes.
682 2713 765 2785 Quam
780 2713 862 2769 multu
875 2714 902 2768 iu
916 2710 1111 2768 damnabilibus
1121 2728 1166 2768 co·

376 2805 530 2879 piditatibus
542 2816 676 2871 amantur,
695 2813 723 2859 et
737 2819 789 2860 uon
804 2802 951 2870 babeotur;
974 2802 1081 2860 sordide
1094 2816 1167 2875 qum-

374 2906 487 2963 rrmtur,
506 2913 556 2953 nee
575 2906 663 2952 ermen
683 2896 810 2951 coritiuuo
827 2893 1014 2966 possidentur?
1033 2892 1174 2973 itumqnirl-

374 2986 428 3044 lroe
447 2996 488 3044 est
505 2999 599 3044 aurum
624 3002 725 3050 anmre,
750 2985 820 3058 quod
841 3000 934 3041 aurum
955 2985 1073 3041 babere?
1093 2980 1165 3041 liniti

352 3132 356 3139 .
375 3090 480 3144 suriant,
492 3090 518 3135 et
533 3098 585 3136 mm
601 3081 708 3135 liabent.
723 3076 854 3150 Numquid
869 3077 919 3133 boe
931 3080 972 3134 esi
985 3076 1084 3133 babere
1094 3076 1167 3133 latis·

352 3154 442 3229 ''tinta
456 3183 482 3229 et
496 3172 641 3227 lautissima
655 3170 772 3241 praedia,
787 3169 857 3242 quod
873 3170 947 3224 nutriti
963 3179 1052 3224 arnam
1072 3171 1121 3242 (n),
1140 3180 1167 3224 et

376 3272 431 3319 noo
445 3262 560 3318 babent?
572 3259 705 3332 Numquid
720 3261 771 3316 bue
783 3268 824 3316 est
834 3272 924 3316 ornare
935 3259 1062 3314 ironorem
1074 3303 1081 3326 ,
1096 3258 1165 3331 qnod

376 3352 476 3412 trabere
489 3355 635 3410 irornoremi
653 3352 725 3410 tinto
743 3354 800 3410 sine
815 3352 917 3410 horrore
936 3348 1107 3408 inardescunt
1119 3352 1167 3407 lra-

373 3444 439 3505 bere
453 3464 460 3501 ε
473 3458 594 3518 qrrsrrrmt
609 3446 717 3513 lubere,
727 3458 753 3503 et
768 3448 923 3518 plerumque
933 3455 995 3502 ante
1005 3447 1165 3515 moriuntur,

375 3546 454 3608 quam
466 3536 679 3609 inrerrinntqmnl
690 3537 854 3609 quaerebam.
872 3538 940 3594 Deris
955 3536 1031 3592 nobis
1046 3535 1079 3592 de
1097 3553 1167 3593 eorti-

374 3628 511 3700 peodiose
521 3628 598 3685 oliert
609 3649 616 3684 z
627 3630 723 3685 emutat
732 3629 818 3697 uobis,
831 3633 924 3684 aniate
935 3646 988 3694 me,
1002 3641 1028 3686 et
1037 3630 1167 3687 babebitis

375 3730 435 3788 anet
448 3723 508 3793 quia
522 3736 570 3778 nee
586 3722 696 3792 potestis
711 3736 801 3777 amare
814 3736 866 3782 nie.
883 3722 933 3776 nisi
951 3720 1098 3778 lralnueritis
1113 3739 1164 3786 nte

410 3812 439 3869 d.
464 3806 623 3869 Currtundnm
654 3812 776 3880 Durnium,
795 3822 818 3867 et
839 3811 922 3867 olibas
944 3824 969 3866 et
1000 3813 1118 3868 antorides.
1145 3810 1167 3869 0

376 3904 486 3968 iratres,
507 3919 523 3958 u
547 3904 615 3970 itio,
638 3920 655 3961 o
678 3903 806 3960 ‹utoutteu
826 3903 962 3974 gerrriina,
987 3919 1003 3957 o
1032 3913 1122 3960 mrtem
1141 3914 1168 3959 et

375 4006 492 4065 superruo
504 3979 625 4062 semina,
641 3996 698 4050 oin
712 3990 819 4051 Citristo
840 3994 987 4065 regenerati
1009 4004 1035 4049 et
1052 3995 1167 4066 desurper

374 4084 449 4140 ostii
465 4084 553 4140 audite
567 4100 626 4149 me:
643 4087 696 4140 imo
718 4100 765 4156 per
783 4100 825 4141 me
842 4094 943 4139 cantate
960 4082 1067 4139 Dorrtlnu
1084 4086 1167 4140 curtli-

374 4192 433 4232 rnm
445 4188 547 4231 nornine
558 4178 643 4241 llere,
660 4177 763 4248 inquis,
777 4186 866 4231 carrio.
887 4175 1002 4241 Catius,
1016 4175 1094 4246 plane
1104 4191 1168 4231 cau·

374 4268 427 4323 trs.
452 4268 539 4324 bridio
564 4287 570 4322 :
591 4268 637 4324 sed
660 4277 753 4324 eontra
772 4266 888 4339 linguam
910 4267 1089 4327 testimonium
1114 4282 1167 4321 nou

376 4359 449 4415 dieat
462 4359 525 4413 rita,
539 4360 651 4415 tirntntu
665 4356 791 4425 nucibus,
812 4367 917 4413 eantme
936 4350 1077 4423 cordibus,
1102 4372 1167 4412 ean·

380 4458 437 4506 tate
460 4452 569 4516 oribus,
584 4462 689 4506 raritate
715 4449 835 4505 morilms
849 4467 856 4506 :
871 4449 976 4506 Caritate
986 4445 1095 4504 Dniarino
1109 4466 1170 4504 cun·

377 4541 455 4596 ticum
467 4556 567 4596 noram.
582 4541 705 4609 Qtrunitis
721 4538 783 4611 quid
802 4540 950 4596 decantetis
969 4538 1003 4595 de
1025 4540 1070 4596 iilo
1089 4556 1168 4611 quem

377 4630 492 4686 smatlsi
509 4631 572 4687 Sine
587 4625 668 4686 dobin
682 4630 716 4685 de
726 4629 772 4685 illo
786 4644 864 4700 quem
878 4645 969 4695 auras,
983 4638 1091 4686 eantare
1107 4631 1167 4685 ris:

376 4721 470 4778 laudes
489 4722 547 4791 ejus
565 4723 680 4793 quomis,-
702 4732 768 4792 quas
788 4729 890 4776 erentes.
910 4719 1045 4788 Audistis,
1065 4721 1170 4778 Cuntnte

378 4812 490 4870 dtornino
501 4813 625 4867 cundcnm
638 4830 740 4868 noeane.
758 4812 862 4868 latntes
876 4814 1017 4884 qu:m·itisl
1029 4812 1097 4868 Lotis
1114 4816 1170 4887 ejas

376 4907 405 4961 tn
418 4902 531 4961 Ecclesia
551 4916 704 4960 surrecturum.
725 4903 796 4959 Laus
809 4897 932 4960 cantandi
946 4949 954 4973 ,
968 4913 1009 4960 εει
1030 4905 1086 4976 ipse
1104 4922 1170 4961 ean.

377 5005 458 5053 tator.
483 4994 586 5052 Laudes
609 4997 688 5051 rrrltls
713 4996 803 5052 dicere
828 4994 974 5052 burrus
992 5005 1077 5052 estote
1100 4998 1170 5070 quenl

376 5089 483 5147 dicatis,
498 5088 568 5144 lans
582 5089 665 5160 ipsius
678 5089 759 5147 estis.
773 5088 876 5144 sibene
889 5089 993 5143 rii-atis.
1014 5086 1085 5144 inus
1099 5092 1170 5144 enim

379 5184 440 5253 eiras
450 5196 502 5238 mm
515 5192 553 5237 est
562 5176 905 5254 iusynagogisturrinorum,
914 5195 965 5234 oon
976 5190 1018 5235 est
1031 5178 1056 5233 in
1069 5180 1171 5236 insaniis

379 5276 565 5349 lupinorum,
582 5284 633 5330 non
644 5280 686 5329 est
703 5275 728 5331 iu
747 5272 883 5328 erroribus
898 5267 1100 5339 lauretieomm,
1118 5287 1170 5326 nrm

379 5379 421 5426 εει
443 5368 469 5425 in
484 5361 620 5439 ptsnslons
637 5366 812 5424 theatrorum.
835 5364 959 5434 Quaeritis
985 5364 1030 5421 uiti
1054 5364 1104 5422 sili
1118 5362 1172 5422 i'os

381 5460 522 5524 attendite,
535 5474 584 5513 ros
595 5462 692 5514 estote.
704 5454 773 5513 beas
784 5459 838 5530 ejus
850 5458 876 5511 in
889 5446 1004 5512 Ecclesia
1017 5467 1171 5511 iuncturam.

378 5552 482 5622 onum
492 5546 917 5621 undegaudeasquandumutasl
928 5546 1038 5603 beream
1053 5544 1137 5604 irruet
1146 5546 1173 5603 ln

381 5659 411 5698 eo
421 5645 463 5712 qrti
472 5641 530 5714 [ecit
539 5657 594 5696 mni
602 5649 644 5695 :et
652 5638 722 5694 unde
733 5638 897 5694 laeteturoou
908 5636 1067 5693 inreuituisi
1078 5634 1170 5694 iterim.

417 5730 531 5788 CAPUT
545 5726 665 5786 it.-r.
677 5726 790 5785 Pretium
804 5745 854 5800 qum
867 5728 978 5783 cleriter
990 5729 1171 5800 comparando.

381 5814 464 5890 ilene,
480 5820 644 5891 iratresmei,
654 5826 870 5895 interrogaturos
886 5821 1055 5894 ipsus,eellas
1066 5821 1174 5879 interio-

414 5954 422 5986 ¹
432 5955 469 6006 sle
478 5956 648 6009 mutis
656 5961 698 6009 ιιι
709 5955 769 6011 editi
780 5967 848 6014 roro,
858 5951 947 6007 ardut.

403 6015 446 6075 (a)
454 6021 528 6063 rone
543 6012 611 6073 meod
620 6014 721 6066 maure?
732 6015 798 6068 tratti
809 6023 900 6080 nmurrt,
912 6025 959 6066 ete.

994 600 1023 658 S.
1043 590 1225 658 sbcbsrrut
1244 594 1396 657 remcort

1957 602 2013 665 ild

1224 728 1267 770 res
1282 713 1422 770 discutite:
1434 714 2005 788 ridete,matmrrdirequidlmineatisdeelra·

1222 803 1315 871 ritate,
1332 810 1360 859 et
1372 803 1423 860 boe
1443 805 1513 876 qrtod
1537 806 1691 864 insonueritis
1703 818 1805 879 augete.
1829 810 1964 867 Attendite
1976 812 2010 867 ad

1222 884 1302 951 talem
1317 892 1484 962 thesaurum,
1505 906 1533 952 ut
1547 898 1617 952 intus
1630 898 1726 954 divites
1736 901 1803 954 sitis.
1823 900 1923 959 Cetera
1938 913 2012 958 certe

1220 999 1281 1057 quae
1294 1002 1418 1057 magnum
1442 986 1541 1044 habeut
1563 990 1694 1059 pretium,
1716 1005 1778 1047 cara
1795 986 1937 1061 dicuntum
1962 1007 2011 1049 oete

1221 1074 1328 1132 trustra.
1341 1078 1457 1148 Aspicite
1472 1079 1690 1134 consuetudinem
1704 1080 1835 1137 sunnonis
1848 1082 1929 1139 uestri
1945 1070 2011 1137 :ea-¹

1220 1166 1277 1226 rius
1286 1179 1328 1225 est
1342 1165 1405 1224 illud
1416 1211 1423 1235 ,
1436 1185 1515 1240 quum
1531 1170 1604 1225 illud.
1616 1169 1684 1238 Quid
1696 1178 1752 1237 est,
1763 1171 1857 1227 (larius
1869 1182 1928 1240 est,
1940 1172 2011 1241 nisi,

1220 1261 1361 1334 pretiosius
1373 1262 1433 1317 esti
1447 1260 1475 1318 Si
1489 1261 1577 1317 carius
1591 1261 1688 1316 dieitur
1700 1303 1710 1327 ,
1723 1260 1853 1334 quidquid
1866 1264 2012 1333 pretiosius
2055 1242 2058 1247 ¹

1221 1361 1279 1419 est3
1302 1353 1366 1424 quid
1383 1355 1471 1410 carius
1488 1352 1544 1427 ipsa
1563 1354 1711 1419 enaritate,
1734 1353 1829 1410 iratres
1847 1356 1920 1412 nteit
1933 1352 2009 1425 Quod

1220 1450 1277 1511 est,
1295 1456 1433 1514 putamus,
1447 1446 1561 1516 pretium
1572 1444 1652 1517 ejus?
1667 1445 1737 1500 uode
1747 1445 1882 1502 iuvenitur
1894 1445 2010 1518 pretium

1219 1537 1297 1607 ejus?
1312 1538 1427 1593 Pretium
1445 1538 1540 1604 tritici,
1554 1552 1678 1593 nummus
1690 1547 1771 1604 tuus,·
1786 1537 1899 1609 pretinm
1914 1539 2008 1605 brodi,

1219 1637 1359 1698 argeutum
1375 1636 1467 1695 turim,
1484 1630 1598 1700 pretium
1613 1629 1780 1700 ntargaritu,
1804 1643 1896 1684 aurum
1912 1638 2008 1684 tiramus

1220 1719 1332 1788 pretium
1347 1720 1499 1786 charitatis,
1523 1730 1561 1774 tu.
1576 1720 1679 1788 Qreuris
1693 1733 1757 1791 erqo
1779 1720 1851 1776 unde
1872 1720 2010 1791 possideas

1220 1806 1344 1874 luridum,
1356 1822 1505 1881 geilamero,
1516 1810 1666 1880 jttrneutnm
1682 1809 1808 1865 :luridum
1826 1810 1922 1881 qnaeris
1940 1810 2012 1867 rande

1218 1914 1308 1964 eruas,
1323 1905 1350 1954 et
1362 1900 1460 1971 quaeris
1473 1898 1541 1970 apud
1558 1910 1592 1954 re.
1606 1893 1635 1954 Si
1648 1899 1687 1953 ris
1698 1906 1787 1954 autem
1809 1897 1908 1955 babere
1920 1898 2008 1954 ebari-

1220 1998 1316 2054 tatem,
1331 2005 1420 2061 quaere
1431 1998 1455 2044 te
1467 2032 1474 2053 ,
1485 1997 1513 2044 et
1527 1988 1614 2043 inmni
1631 1997 1667 2045 te.
1682 1986 1752 2056 Quid
1763 1987 1833 2044 euim
1858 1987 1936 2044 times
1945 1987 2011 2044 dart!

1220 2089 1245 2136 te
1259 2120 1267 2147 ,
1291 2096 1324 2135 oe
1340 2094 1484 2135 consumas
1495 2077 1542 2134 tel
1557 2078 1612 2132 lmo
1623 2079 1645 2132 si
1660 2087 1685 2133 te
1697 2093 1752 2133 nun
1764 2076 1870 2133 dederis
1884 2117 1893 2143 ,
1919 2075 2009 2148 perdis

1219 2181 1256 2228 te.
1272 2171 1329 2242 ipsa
1344 2169 1459 2227 ebaritas
1473 2185 1521 2241 per
1546 2169 1706 2240 Sapientiam
1731 2167 1869 2239 loquitur,
1892 2175 1920 2224 ει
1945 2166 2009 2222 dicit

1219 2263 1266 2319 tibi
1280 2263 1377 2336 aliquid
1390 2306 1397 2328 ‚
1411 2261 1481 2319 irride
1494 2278 1547 2318 uon
1559 2274 1724 2333 expavescas
1735 2258 1805 2331 quod
1820 2258 1921 2313 dictum
1945 2267 1987 2313 est
2000 2275 2008 2312 ι

1220 2353 1257 2411 lla
1273 2365 1298 2412 re
1312 2357 1408 2426 ipsum.
1425 2355 1454 2410 Si
1465 2353 1523 2426 quis
1533 2353 1603 2409 euim
1612 2351 1692 2407 uellet
1702 2350 1747 2407 tibi
1760 2349 1869 2405 littidum
1879 2348 2007 2415 rendere,

1218 2450 1319 2508 diceret
1328 2450 1373 2506 tibi
1389 2492 1397 2519 ,
1413 2447 1451 2506 Ila
1470 2447 1535 2504 milri
1557 2463 1649 2502 auram
1665 2456 1738 2502 tuum
1754 2463 1761 2501 ι
1776 2451 1803 2500 ει
1816 2445 1838 2498 si
1862 2442 1921 2514 quis
1934 2442 2010 2498 aliud

1218 2542 1337 2613 aliquid,
1353 2542 1391 2597 Da
1405 2540 1470 2595 milri
1484 2554 1621 2594 nummum
1636 2546 1711 2591 tirum
1724 2573 1732 2600 ,
1747 2534 1781 2589 da
1793 2533 1857 2589 mibi
1869 2542 2009 2604 argentum

1220 2641 1303 2688 tirum.
1320 2630 1386 2688 lodi
1396 2629 1459 2701 quid
1469 2629 1514 2683 tibi
1528 2623 1600 2683 dieat
1612 2642 1645 2680 ex
1657 2640 1704 2681 ure
1718 2624 1860 2694 Sapientiae¹
1870 2622 1986 2677 ebaritas
2001 2640 2008 2675 t

1222 2722 1262 2780 Du
1273 2724 1336 2779 milri
1350 2766 1358 2793 ,
1373 2718 1432 2794 pto,
1453 2738 1496 2776 eor
1506 2730 1577 2774 tarum
1597 2716 1687 2792 (Pron.
1707 2733 1776 2773 xxm
1790 2758 1798 2782 ,
1813 2713 1870 2786 zo).
1884 2710 1923 2768 Du
1936 2714 2008 2774 aretin,

1219 2815 1305 2886 lnquit
1319 2831 1326 2869 ε
1342 2813 1404 2884 quid
1417 2812 1429 2866 ι
1444 2810 1498 2865 Fili
1512 2853 1520 2877 ,
1542 2826 1587 2864 cor
1599 2817 1680 2862 luunt.
1696 2803 1764 2863 liale
1784 2815 1861 2870 erat,
1876 2804 2009 2876 quandoq

1220 2915 1246 2961 te
1257 2912 1332 2972 erat,
1346 2901 1452 2974 quando
1462 2900 1509 2956 tibi
1522 2908 1596 2955 erat:
1613 2913 1661 2970 per
1676 2911 1759 2968 irrigas
1772 2894 1844 2952 enim
1858 2904 1886 2950 et
1904 2909 2010 2951 amores

1219 2992 1332 3052 laseirus
1359 2993 1577 3065 perniciososque
1603 2989 1760 3045 trahebaris.
1775 2987 1850 3044 ‘tolle
1873 2984 2010 3043 indellbl

1220 3085 1379 3143 trainisiubi
1400 3083 1496 3154 ponis'l
1523 3080 1656 3145 durrdbi,
1680 3077 1778 3149 lnquit,
1806 3094 1849 3131 eur
1863 3087 1943 3131 tunm
1969 3074 2011 3133 Sit

1220 3177 1301 3244 mibi,
1317 3185 1344 3232 et
1358 3189 1411 3229 non
1425 3170 1493 3244 perit
1507 3172 1563 3226 tibi.
1578 3170 1646 3226 tide
1664 3170 1735 3225 enim
1750 3209 1758 3234 ,
1776 3169 1798 3223 si
1812 3167 1912 3238 aliquid
1926 3166 2012 3222 rolrtit

1219 3267 1352 3323 dimittere
1363 3265 1391 3320 in
1403 3274 1448 3328 ιε,
1463 3262 1533 3318 unde
1554 3275 1629 3316 arares
1648 3258 1691 3316 vel
1705 3265 1751 3326 te,
1770 3257 1816 3329 qni
1842 3257 1887 3314 tibi
1898 3256 1962 3313 dicit
1975 3257 1985 3289 ¹
2001 3270 2011 3311 s

1220 3353 1316 3433 Diliqet
1331 3358 1465 3414 Dourinttm
1480 3351 1562 3411 deum
1577 3364 1646 3409 teum
1661 3370 1694 3409 ea
1707 3362 1760 3407 totu
1775 3351 1850 3406 corde
1862 3360 1907 3405 teu
1919 3392 1927 3417 ,
1940 3358 1966 3405 et
1979 3362 2011 3405 es

1220 3461 1273 3508 totu
1296 3451 1382 3506 antima
1401 3457 1445 3504 tun
1458 3491 1466 3518 ,
1481 3458 1505 3504 et
1520 3464 1551 3502 er
1563 3457 1615 3501 tutu
1637 3455 1718 3500 merite
1740 3455 1792 3498 triu.
1808 3443 1877 3512 inil
1891 3450 2011 3499 remanet

1219 3544 1253 3600 de
1266 3541 1347 3599 eorde
1362 3551 1426 3607 triu,
1443 3540 1513 3596 uode
1524 3536 1619 3610 diligas
1632 3546 1658 3594 te
1671 3535 1780 3608 ipsum?
1793 3534 1901 3607 quidde
1923 3534 2011 3589 aalma

1220 3636 1287 3691 tna?
1309 3634 1372 3706 qnid
1397 3634 1534 3689 demente
1552 3623 1676 3687 tuaib‘u
1699 3638 1770 3694 tuto,
1791 3626 1888 3699 ineptit.
1913 3626 2010 3684 Totum

1219 3725 1303 3797 exigit
1328 3736 1373 3789 ιε,
1388 3723 1434 3794 qni
1448 3722 1511 3779 lecit
1535 3730 1572 3778 te.

1255 3814 1366 3872 curbo
1380 3814 1402 3870 V
1416 3845 1450 3855 —
1461 3813 1514 3869 Sed
1527 3812 1581 3867 ooli
1596 3810 1679 3867 tristis
1692 3825 1764 3880 esse,
1775 3807 1849 3879 qnasi
1864 3804 1928 3864 nibil
1941 3808 2013 3867 uotis

1219 3911 1335 3983 gaudeas
1350 3903 1521 3966 remanentia
1534 3916 1570 3965 ιε.
1586 3906 1695 3962 boetetnr
1713 3904 1816 3972 irruet,
1841 3921 1893 3961 noo
1908 3905 1935 3960 iu
1961 3917 2012 3972 tc,

1220 4000 1267 4058 sed
1282 4002 1308 4057 ln
1321 4019 1350 4057 eo
1362 3999 1405 4073 qni
1417 4001 1550 4073 [ecitettm.

1256 4092 1283 4148 8.
1312 4089 1449 4146 Proxinrtts
1478 4099 1601 4162 mantum
1624 4088 1776 4160 diiiqendnr.
1805 4084 2010 4156 Respondebis,

1220 4194 1248 4241 et
1258 4183 1332 4240 dices
1347 4201 1354 4237 ε
1368 4183 1396 4239 Si
1410 4183 1475 4238 nibil
1491 4183 1555 4237 nribi
1577 4181 1725 4246 remansit,
1739 4179 1810 4235 irride
1826 4175 1934 4250 diligam
1945 4192 1987 4233 me
2002 4196 2010 4235 ι

1220 4274 1281 4345 qnia
1294 4287 1328 4329 er
1354 4280 1409 4328 tuto
1432 4270 1535 4337 eorde,
1557 4280 1585 4325 et
1606 4284 1637 4326 ex
1652 4278 1705 4324 ruta
1730 4269 1836 4335 anima,
1860 4276 1888 4323 et
1910 4280 1942 4322 ex
1957 4272 2012 4321 tran

1220 4375 1311 4420 mente
1322 4362 1418 4434 jubeor
1432 4363 1541 4434 abitque
1556 4376 1616 4416 erim
1631 4359 1676 4432 qni
1700 4359 1764 4416 leelt
1788 4374 1852 4426 me;
1877 4358 2013 4430 quomodo

1221 4455 1340 4512 mundo
1354 4467 1487 4528 pneuepto
1496 4456 1593 4526 lnbeor
1603 4454 1712 4526 diligere
1725 4454 1874 4525 proximum
1886 4462 2014 4524 tanquam

1222 4545 1287 4603 moi
1299 4545 1355 4602 iluc
1369 4555 1410 4602 est
1424 4547 1508 4617 magis
1517 4544 1678 4602 undedebes
1690 4559 1723 4600 ex
1741 4551 1797 4599 toto
1817 4541 1918 4609 eorde,
1940 4550 1968 4597 et
1980 4557 2012 4597 en

1222 4645 1276 4693 tnta
1289 4635 1377 4691 anima
1391 4679 1398 4701 ,
1412 4644 1440 4692 ut
1463 4650 1496 4692 ex
1518 4644 1573 4692 tota
1597 4643 1686 4691 moute
1708 4636 1839 4704 proximo.
1852 4630 2017 4700 Quomodo!

1224 4723 1320 4798 otapn
1330 4726 1473 4796 medantum
1487 4733 1557 4780 titum
1570 4736 1689 4796 tuaquom
1700 4734 1724 4778 te
1735 4725 1817 4794 ipsum
1825 4721 1930 4796 (lintri.
1943 4738 2012 4791 xrn,

1222 4816 1274 4885 57,
1289 4813 1336 4888 so)
1360 4818 1443 4874 ιιειιιη
1468 4825 1633 4873 utrumme
1659 4832 1666 4871 ι
1692 4814 1842 4886 proximum
1869 4812 1938 4870 slent
1958 4827 2014 4870 me.

1223 4896 1300 4967 ttnun
1314 4924 1357 4964 nie
1369 4952 1376 4972 ,
1390 4909 1460 4965 irride
1474 4906 1521 4964 tu?
1536 4909 1580 4963 t'is
1594 4907 1687 4963 andire
1703 4906 1774 4963 uude
1797 4904 1892 4979 diligas
1914 4904 1962 4963 te?
1973 4905 2014 4962 Er
2106 4971 2108 4974 ¹

1223 4996 1374 5071 lioeditipis
1389 5009 1431 5065 ιε,
1459 5001 1519 5071 quia
1542 4999 1625 5054 beirna
1649 4995 1737 5068 diligis
1752 5010 1784 5053 es
1799 5005 1857 5052 totu
1872 5005 1909 5053 te.
1934 4996 2016 5052 onae

1223 5093 1294 5146 mrim
1311 5087 1365 5146 ileu
1379 5090 1526 5164 prolicere,
1537 5086 1606 5158 ‹prtod
1618 5088 1705 5157 diligis
1720 5086 1827 5143 Deum?
1840 5095 1868 5142 et
1879 5086 1939 5155 quia
1952 5086 2014 5139 diii-

1223 5185 1264 5255 εἰς
1277 5185 1358 5240 iteum
1372 5222 1380 5249 ,
1395 5181 1449 5237 [leo
1461 5180 1559 5251 aliquid
1574 5178 1697 5235 accedit?
1709 5186 1736 5234 et
1752 5178 1774 5233 si
1785 5184 1814 5233 tu
1826 5191 1878 5233 non
1898 5177 2016 5248 diligar,

1224 5277 1311 5332 miuus
1324 5273 1446 5329 habebit?
1459 5271 1524 5328 Cum
1536 5270 1645 5342 diligis,
1664 5277 1692 5325 tu
1707 5269 1814 5342 prolleis
1828 5277 1875 5324 :tu
1890 5267 1927 5324 iol
1942 5267 2015 5335 eris,

1225 5367 1269 5423 ubi
1283 5382 1335 5420 non
1348 5364 1428 5436 peris.
1451 5359 1503 5420 Sed
1527 5361 1722 5433 respondebis,
1745 5368 1773 5416 et
1796 5359 1890 5423 dices,
1904 5359 2017 5428 Quodn

1223 5458 1295 5514 uuim
1320 5470 1372 5510 nou
1398 5453 1479 5511 dilexi
1506 5451 1569 5509 mei
1592 5451 1706 5509 i’rursus
1735 5465 1789 5506 nou
1816 5447 1946 5521 diligebas
1971 5459 2011 5504 tr·

1223 5545 1331 5619 mendo
1350 5545 1433 5600 Deum
1452 5555 1505 5598 oon
1518 5541 1721 5613 diligebus,qui
1743 5540 1805 5596 lecit
1828 5550 1865 5595 ιε.
1879 5536 1933 5596 snt
1954 5550 2018 5594 cunr

1225 5637 1329 5693 odisses
1343 5645 1389 5701 te,
1405 5634 1515 5705 prtabas
1528 5633 1599 5704 quod
1611 5646 1717 5688 amaras
1731 5640 1767 5687 ιε.
1780 5630 1832 5698 Qui
1840 5629 1912 5685 euim
1934 5625 2019 5700 dlliplt

1225 5731 1401 5800 iniquitaten,
1416 5727 1469 5783 edit
1482 5728 1594 5781 mitreum
1605 5740 1678 5780 rrum
1689 5721 1775 5797 (ont.
1786 5738 1802 5778 s
1815 5763 1822 5788 ,
1834 5721 1875 5794 d).

1228 5951 1351 6065 diiddm'
1373 5959 1419 6001 reu
1439 5946 1498 6000 dicit
1504 5959 1513 6010 ;
1531 5959 1574 6010 pru
1596 5956 1644 6008 qim
1661 5929 1961 6001 persuasissimum
1980 5932 2022 5984 tibi
