4759 6684
369 640 440 698 rrae
1059 582 1175 681 sunno
1195 622 1331 681 ceusu.
1930 621 1998 679 rear

587 748 707 806 'SERMO
724 745 863 804 eduxit·
880 746 929 819 (o).
1211 746 1278 791 darre
1290 737 1340 792 nisi
1349 753 1394 806 per
1413 746 1513 794 sanctos
1527 738 1664 794 mirrisiros.
1679 738 1779 796 Deinde
1791 741 1871 810 caepit
1885 740 1999 811 Spiritus

581 847 605 892 tu
622 840 710 906 rigidis
725 847 882 891 rontooostes
897 839 942 903 (ι),
1211 838 1320 886 sanetm
1337 830 1395 885 dari
1416 847 1463 901 per
1482 832 1658 887 ministerium
1675 833 1874 902 Apostolorum.
1889 832 1929 887 llli
1943 850 1999 888 tua·

384 926 424 983 bs
434 942 507 981 uersu
522 922 621 980 eatan
635 939 695 988 cst,
712 923 739 987 5,
754 921 912 978 Emendabit
923 935 966 976 mo
978 919 1076 989 justus,
1091 924 1138 974 ets·
1212 935 1262 976 nus
1283 921 1464 990 imponebant,
1478 931 1506 977 et
1518 923 1562 977 illc
1573 922 1706 978 ueniebat.
1727 921 1780 980 Sed
1800 923 1851 978 hoc
1876 939 1928 978 non
1941 937 1996 978 erar

626 1014 720 1071 Contra
741 1013 898 1069 donatistas.
1211 1010 1348 1067 hominum
1363 1029 1371 1067 r
1387 1028 1440 1067 non
1455 1012 1505 1067 sibi
1516 1021 1623 1084 arroget
1635 1013 1757 1069 minister
1766 1012 1824 1084 plus
1836 1029 1915 1085 qnam
1927 1015 1999 1083 quod

403 1112 429 1168 l.
458 1108 556 1165 earm
583 1124 668 1163 ιιιιιι
700 1105 767 1162 mois
795 1105 973 1162 intellectura
1006 1101 1157 1157 Donatistis.
1211 1112 1240 1157 ut
1250 1103 1381 1160 minister.
1396 1103 1470 1159 Alius
1480 1112 1522 1159 est
1534 1104 1658 1170 donator,
1669 1105 1736 1161 alius
1751 1105 1926 1161 mirristrator.
1943 1103 1998 1159 lloe

366 1203 438 1261 luter
451 1201 501 1256 alia
514 1198 603 1255 divina
617 1198 816 1268 similiaque,
830 1212 890 1252 cnm
904 1195 1025 1250 Prolatus
1035 1202 1158 1248 cantatu·
1210 1196 1309 1267 quippe
1328 1203 1441 1252 tesntos
1453 1195 1627 1267 cstSpiritus,
1642 1211 1676 1252 ue
1690 1195 1812 1252 homines
1825 1197 1875 1252 sibi
1889 1210 1998 1268 arroga-

365 1304 418 1360 tur,
434 1293 593 1356 audirimus,
621 1289 868 1361 placenadjnrantc
884 1286 1094 1357 boariaqtstam
1109 1299 1157 1354 po·
1213 1296 1274 1343 rent
1288 1286 1359 1358 qnod
1375 1287 1420 1342 liei
1441 1296 1509 1342 erat.
1526 1286 1592 1343 ilinc
1606 1288 1677 1344 enim
1692 1288 1775 1345 roluit
1788 1287 1879 1345 Simon
1900 1287 1999 1354 indari,
2015 1294 2024 1317 *²

364 1385 496 1442 tinimum
509 1381 642 1437 discutere
651 1388 679 1437 et
694 1387 856 1449 pertractare
865 1377 1038 1442 sentientiam,
1051 1389 1102 1447 qua
1115 1374 1157 1429 di·
1209 1380 1254 1449 qui
1268 1380 1423 1436 existimans
1436 1380 1487 1435 hnc
1501 1379 1652 1435 bominibus
1671 1395 1732 1436 csse
1756 1380 1935 1446 trilnrcndum,
1948 1395 1998 1453 po·

364 1485 437 1531 etont
449 1480 500 1537 en,
515 1469 664 1525 Emendabit
678 1486 717 1523 me
729 1469 815 1538 justus
835 1468 861 1522 in
876 1466 1095 1530 insudantium
1110 1481 1156 1518 or·
1209 1470 1314 1524 nursiam
1329 1471 1454 1540 promisit
1465 1471 1613 1542 Apostolis,
1628 1480 1658 1526 ut
1670 1479 1696 1525 ot
1705 1471 1738 1526 ad
1752 1471 1835 1541 ipsius
1848 1486 1943 1528 manns
1952 1473 2001 1528 int-

364 1575 422 1640 paet
435 1581 492 1630 rna:
505 1563 589 1618 oleant
610 1570 694 1615 autem
708 1560 845 1631 peccaretis
865 1575 915 1615 non
932 1557 1157 1629 impiaquetcoput
1209 1561 1370 1630 positionem
1396 1561 1498 1617 serrirct
1522 1561 1636 1632 Spiritus
1658 1570 1775 1617 sanctus.
1800 1561 1919 1619 Gratiam
1945 1578 1998 1619 noa

366 1673 458 1712 ιιιιιιιι.
476 1653 601 1712 Nonnulli
619 1653 691 1708 enirn
707 1651 879 1707 crediderunt
893 1650 980 1706 oleum
997 1648 1154 1720 peccaturis,
1210 1659 1329 1705 nororat.
1342 1650 1408 1705 liam
1426 1653 1448 1706 si
1472 1653 1583 1722 gratiam
1597 1661 1765 1722 agnosceret,
1781 1654 1863 1724 gratis
1878 1653 1999 1711 baberet.

366 1750 455 1808 uicum
465 1763 526 1806 esse
539 1746 668 1809 bominis;
682 1745 742 1817 qnia
756 1744 838 1799 orrrnis
850 1745 925 1798 bono
946 1741 1056 1797 menduc
1068 1739 1155 1808 (rat.
1210 1740 1272 1798 ldco
1284 1743 1344 1813 qnia
1360 1744 1441 1798 voluit
1459 1760 1549 1800 emere
1567 1744 1706 1814 Spiritum,
1721 1761 1773 1800 nnn
1789 1747 1886 1802 morrtit
1905 1746 2005 1802 redimi

364 1856 429 1909 ear,
445 1841 499 1911 tt).
513 1839 609 1896 Oleum
622 1848 710 1895 antem
732 1835 843 1902 Christi,
856 1835 917 1908 qnia
936 1834 1039 1890 nulium
1064 1832 1157 1888 habuit
1208 1832 1257 1889 ahs
1270 1832 1455 1903 Spiritn.Quid
1470 1849 1516 1898 cs,
1530 1834 1626 1902 honio,
1640 1836 1710 1905 quod
1725 1846 1751 1892 to
1762 1836 1854 1893 inliare
1866 1837 2001 1896 maisni-

365 1933 475 1993 mnino
489 1940 643 2003 peecatum,
658 1930 708 1986 etsi
729 1945 779 2000 per
797 1935 965 1999 peccatorem
980 1926 1154 1989 ministretur,
1210 1923 1265 1979 licit
1279 1925 1323 1980 tihi
1339 1935 1367 1980 ut
1386 1925 1533 1995 implentis,
1554 1942 1607 1981 non
1621 1935 1649 1982 ut
1664 1927 1773 1983 intloris.
1798 1928 1848 1998 Qui
1862 1929 1998 2001 impletur,

365 2040 418 2081 oon
443 2032 485 2080 eat
502 2023 590 2079 oleum
615 2020 774 2091 peccaturis.
799 2019 865 2075 cnm
888 2026 943 2073 tres
967 2013 1156 2072 considerandi
1208 2013 1336 2071 direscst
1352 2033 1359 2069 :
1377 2017 1420 2087 qui
1434 2015 1551 2081 indatur,
1577 2018 1788 2075 inanisest.Sed
1804 2035 1852 2092 per
1866 2021 2000 2089 homines,

364 2116 456 2172 animo
466 2122 622 2178 occurrant;
639 2127 653 2167 a
669 2126 723 2183 quo
748 2110 834 2175 datur,
851 2109 894 2166 eni
909 2108 995 2173 datur,
1016 2120 1155 2178 perquem
1209 2104 1340 2175 inquiunt,
1354 2105 1477 2162 dabatur.
1492 2107 1623 2177 Numquid
1634 2109 1695 2166 ideo
1705 2120 1763 2166 erat
1778 2110 1915 2169 hominum
1926 2115 1998 2185 quod

363 2207 443 2263 dator
456 2225 463 2262 ε
475 2221 527 2262 non
539 2207 679 2260 timeamus
693 2204 781 2259 oleum
796 2202 954 2274 precatoris,
970 2200 1096 2271 quianon
1112 2199 1153 2253 in·
1208 2193 1341 2252 dabatur?
1356 2195 1410 2253 Soti
1435 2211 1489 2252 uon
1516 2205 1620 2267 poterat
1638 2196 1708 2265 dari,
1732 2197 1866 2269 inquiunt,
1886 2199 1936 2255 nisi
1951 2216 2001 2274 per

364 2299 470 2366 tercipit
480 2297 583 2353 medina
597 2295 717 2350 minister
732 2292 890 2350 benettcinm
903 2290 1046 2363 largitoris.
1209 2287 1332 2344 homines
1345 2297 1462 2345 sanctos.
1474 2287 1606 2360 llrtmquid
1619 2288 1646 2344 in
1660 2290 1733 2359 ipsos
1747 2305 1795 2360 por
1815 2289 1938 2347 homiues
1954 2306 2000 2347 re·

399 2391 427 2446 ι.
448 2388 560 2459 Spiritus
585 2387 666 2443 sancti
684 2385 806 2439 decorus
823 2383 865 2438 die
879 2381 1047 2438 ennecone.
1065 2378 1157 2437 linitas
1209 2381 1301 2437 aerati
1315 2381 1541 2450 apostntmnnn
1555 2381 1738 2451 imponebant,
1753 2390 1781 2438 et
1798 2383 1913 2452 Spiritus
1938 2399 2001 2443 aau-

366 2480 488 2538 h'crlesitr
504 2479 637 2534 catholicos
656 2479 723 2532 douo
741 2477 886 2547 linqnoruns
899 2473 1053 2545 siqrrificoto.
1076 2470 1158 2528 Certe
1209 2479 1268 2526 ctus
1282 2471 1404 2526 seniebat
1419 2487 1426 2524 ι
1441 2470 1548 2542 quando
1561 2469 1595 2526 ad
1606 2471 1678 2543 ipsos
1692 2472 1774 2537 rouit,
1795 2473 1860 2544 ipsis
1872 2474 1934 2546 quia
1944 2489 2002 2533 rua·

363 2573 437 2629 easim
449 2571 644 2626 sulcrnnitatcm
659 2567 738 2623 modo
748 2565 916 2623 celebramus
926 2565 1056 2621 adrentus
1072 2562 1158 2633 Spiri·
1210 2577 1261 2619 nus
1273 2562 1416 2632 imposuit?

365 2673 408 2723 tas
422 2662 508 2719 sancti
523 2678 531 2716 a
545 2659 852 2722 narndiel‘entccostes,
866 2657 981 2729 qnidica
994 2657 1049 2726 iam
1064 2654 1157 2725 erepit,
1245 2655 1272 2709 i.
1293 2652 1406 2724 Spiritus
1430 2663 1533 2709 seaetrn
1553 2653 1608 2710 sine
1633 2655 1762 2710 horninarn
1787 2656 1925 2713 mirsineio
1948 2657 2000 2727 sii·¹

365 2765 445 2815 erant
458 2770 510 2810 nuo
525 2754 553 2808 in
568 2753 627 2808 loco
647 2758 755 2808 ceritum
774 2750 867 2821 viginti
888 2749 995 2813 anima,
1021 2746 1159 2818 inquibus
1209 2744 1312 2818 mundo
1324 2746 1408 2800 dotas.
1425 2746 1543 2816 Accipite
1553 2754 1580 2801 et
1593 2754 1681 2802 tcnete
1693 2745 1781 2803 divina
1795 2748 1919 2820 exempla
1934 2747 2000 2804 :sed

366 2845 641 2920 spontanae
665 2842 770 2898 Domini
793 2840 885 2896 etalii
916 2839 1053 2910 utriusque
1078 2851 1159 2894 serua
1213 2835 1317 2906 eloquia
1340 2835 1386 2890 llci
1401 2846 1473 2903 sunt,
1488 2835 1631 2909 scriptura
1646 2838 1805 2905 auctoritas,
1826 2838 1892 2896 tides
1907 2840 2004 2897 verbo·

365 2946 474 2996 anons
495 2945 522 2993 et
540 2940 728 3004 exspectantes
745 2932 905 3006 montiosum
928 2929 1038 2998 Christi,
1054 2930 1106 2986 hoc
1118 2936 1161 2986 est
1211 2939 1282 2991 rum,
1294 2924 1700 2997 veritasexemplorum.'lotum
1713 2928 2004 2999 ierimuanotumere·

365 3030 508 3086 adranam
524 3026 638 3097 Spiritus
657 3024 753 3081 saneti.
774 3024 902 3079 licuerat
924 3021 1013 3077 inanis
1026 3035 1090 3089 spes
1111 3034 1160 3076 ex·
1211 3014 1317 3072 damus.
1331 3013 1490 3073 Permanus
1504 3017 1701 3088 impositionem
1724 3019 1913 3090 Apostolorum
1924 3020 2003 3080 datus

366 3117 598 3190 spectandaque
618 3132 671 3171 non
696 3121 755 3171 erat
777 3112 855 3168 sallas
876 3112 1032 3182 pollicitatio
1048 3108 1162 3181 promit·
1211 3116 1253 3162 est
1277 3107 1367 3163 multis
1379 3107 1495 3178 Spiritus
1509 3118 1616 3167 sanctus
1631 3127 1638 3164 ι
1654 3110 1701 3167 sed
1725 3127 1773 3182 per
1793 3128 1862 3185 quos
1878 3112 2004 3182 dabatur,

367 3210 451 3269 tentis
467 3228 474 3266 ι
486 3208 555 3279 qood
570 3206 784 3279 exspectabatur,
799 3204 908 3260 advenit
931 3212 959 3260 et
973 3216 1035 3257 rasa
1048 3198 1158 3268 munda,
1211 3207 1380 3267 acceperant.
1393 3198 1506 3268 anndo
1520 3200 1696 3271 acceperant?
1710 3201 1822 3271 Quando
1835 3203 1861 3258 in
1875 3219 1929 3260 una
1938 3219 2006 3262 cors·

367 3303 493 3373 aquibus
506 3300 696 3371 susciperetur,
711 3296 821 3353 invenit.
840 3295 908 3352 Vise
923 3304 981 3351 sunt
1002 3294 1162 3365 illislinqrnr
1211 3285 1280 3342 clari
1302 3296 1410 3344 eentum
1432 3286 1525 3359 riqian
1548 3289 1669 3346 homines
1691 3301 1769 3347 erant
1792 3311 1800 3348 ε
1823 3296 2005 3368 unusquisquis

367 3393 457 3449 ἅιὶισ
474 3392 539 3448 setar
560 3391 635 3462 lqrris,
658 3390 701 3460 qui
720 3397 742 3442 et
763 3388 856 3442 insedit
873 3403 949 3458 super
962 3400 1162 3457 unumquemque
1212 3393 1306 3435 eorum
1320 3379 1423 3447 sabat,
1440 3380 1529 3436 aulus
1548 3395 1655 3436 manum
1674 3378 1845 3453 imponebatt
1867 3387 2005 3461 orantibus

367 3499 474 3548 maor:
485 3491 509 3535 et
529 3490 654 3551 coepnurn
669 3479 738 3548 ioqui
754 3478 847 3550 linquis
871 3477 936 3533 sind
956 3475 1069 3548 Spiritus
1084 3476 1162 3531 dotat
1213 3474 1378 3545 supervenit,
1389 3482 1499 3531 orantes
1510 3474 1640 3548 implerit,
1651 3477 1774 3549 impletos
1783 3480 1920 3540 ministros
1931 3482 2005 3550 feeit,

368 3574 406 3630 eis
419 3571 593 3644 pronuntiare.
614 3567 803 3639 Unusquisque
824 3567 905 3622 homo
922 3566 1019 3638 linquis
1037 3567 1162 3624 carnibus
1212 3573 1241 3620 et
1254 3579 1302 3639 per
1322 3563 1396 3635 ipsos
1419 3579 1497 3621 sunm
1519 3565 1602 3622 dedit.
1627 3566 1722 3623 Adbuc
1744 3569 1843 3627 audite.
1867 3571 2007 3645 Philippus

369 3662 539 3734 loquebatur,
553 3660 613 3731 qnia
635 3657 721 3713 lutura
737 3657 855 3713 Ecclesia
880 3657 905 3711 in
921 3656 1045 3712 omnibus
1062 3655 1162 3728 linquis
1213 3657 1387 3729 evangelista,
1402 3657 1447 3729 qui
1463 3657 1617 3728 pradicant
1631 3657 1805 3732 Eranqeiium
1826 3663 1852 3720 in
1874 3662 2006 3734 Samaria,

370 3754 608 3831 praenuntiabatur.
633 3751 707 3809 Unus
731 3751 811 3806 bomo
835 3749 940 3821 signum
955 3759 1015 3807 erat
1028 3751 1161 3806 unitatis:
1214 3761 1283 3803 uuus
1302 3754 1361 3803 erat
1375 3746 1410 3803 de
1432 3758 1535 3818 septem
1555 3748 1730 3805 diaconibus:
1745 3766 1805 3808 nam
1827 3752 1855 3809 in
1868 3755 2007 3815 mirristerii

370 3861 466 3902 ‹smaes
479 3845 576 3915 lingue
593 3843 619 3898 iu
635 3857 688 3897 uno
707 3841 824 3907 bonrine,
840 3856 935 3897 omues
946 3849 1042 3912 gentes
1053 3839 1080 3896 ln
1103 3839 1164 3897 uui·
1215 3838 1376 3894 amessiute
1388 3836 1531 3894 duodecim
1545 3839 1682 3911 apostolis
1704 3851 1807 3912 ιιριιιιι
1818 3841 1945 3903 diacones
1957 3847 2007 3912 ad·

372 3947 436 3995 rate.
460 3937 511 4007 Qui
536 3936 606 4008 pleni
628 3944 715 4003 erant,
738 3934 915 4005 loquebantur
927 3952 935 3988 ι
949 3941 977 3988 et
1001 3931 1047 4002 qui
1070 3932 1164 3988 inanes
1214 3929 1372 3997 ditiorant;
1387 3929 1530 4002 exquibus
1548 3938 1608 3987 erat
1626 3942 1749 3997 nunaut
1769 3933 1838 4000 dixi,
1858 3935 2007 4009 Phiiippus,

371 4037 460 4095 erant,
479 4028 659 4093 mirabantur;
673 4035 701 4081 et
711 4024 780 4098 quod
794 4032 835 4080 est
848 4023 1094 4094 reprehensibilius,
1110 4023 1163 4080 nri·
1214 4022 1260 4094 qui
1275 4030 1384 4093 propter
1393 4029 1544 4093 promptum
1558 4021 1754 4093 predicationis
1767 4026 1914 4100 eloquiam,
1925 4045 2008 4086 eran·

372 4122 501 4186 rabantnr
523 4128 550 4178 et
574 4116 814 4173 calumniabantur.
846 4114 974 4171 [licebant
994 4116 1066 4171 enirn
1091 4132 1098 4170 ι
1127 4114 1164 4171 lli
1215 4114 1309 4186 gelista
1324 4113 1432 4184 propris
1444 4112 1542 4171 meruit
1555 4114 1694 4185 appellari.
1709 4114 1838 4184 Quamvis
1850 4119 2010 4180 ornnerhue

372 4213 436 4271 ebrii
449 4222 506 4268 sant
519 4221 543 4267 et
556 4220 637 4266 musto
658 4209 735 4280 pleni.
749 4208 833 4278 Quam
859 4207 937 4262 stulta
960 4216 987 4262 et
999 4207 1164 4264 calumniosa
1215 4214 1340 4278 arerenu
1365 4205 1426 4270 iste,
1440 4214 1470 4261 nt
1487 4203 1553 4275 disi,
1569 4205 1596 4261 ia
1609 4205 1730 4263 Samaria
1743 4207 1917 4281 Eranqeliuor
1937 4225 2010 4282 pra·

374 4303 564 4377 reprehensio!
586 4301 671 4358 ilomo
684 4299 839 4355 ebrinsuon
860 4298 974 4353 alienam
990 4297 1106 4369 linquam
1121 4296 1163 4353 di·
1215 4298 1316 4356 dicarit
1341 4318 1348 4354 ι
1372 4299 1545 4357 crediderunt
1567 4300 1644 4356 multi
1667 4300 1695 4356 in
1714 4299 1844 4370 Samaria,
1867 4304 2009 4363 uadentes

371 4398 433 4459 scit,
447 4393 493 4450 sed
506 4408 581 4448 suam
595 4390 691 4462 perdit.
706 4389 896 4446 Verumtamen
910 4402 959 4459 per
971 4388 1123 4460 ignorantes
1137 4395 1166 4444 et
1216 4389 1342 4460 baptisati
1369 4399 1442 4446 snut.
1460 4390 1496 4448 iit
1513 4400 1603 4448 autem
1616 4390 1760 4449 audierunt
1779 4394 1911 4465 Apostoli.
1926 4396 2009 4453 mise·

371 4483 567 4544 ealrrrnniantes
593 4481 692 4538 raritas
714 4479 882 4551 loquebatur.
916 4478 975 4535 iarn
1000 4479 1098 4551 qnippe
1126 4477 1165 4534 illi
1216 4490 1280 4539 runt
1292 4481 1504 4539 adsosPetrum
1518 4490 1547 4539 et
1557 4482 1699 4551 ioannem,
1716 4492 1746 4543 ut
1758 4483 1897 4556 baptizatis
1914 4503 2009 4547 marsus

373 4575 444 4649 pleni
459 4582 536 4630 erasit
558 4573 620 4628 rino
642 4586 721 4638 aoso,
745 4571 806 4642 qnia
828 4567 891 4625 lacti
912 4579 990 4627 erant
1016 4578 1089 4627 utres
1102 4570 1165 4627 nori
1217 4572 1395 4644 buponcrent,
1418 4583 1446 4630 et
1464 4572 1504 4633 eis
1527 4587 1623 4631 manus
1644 4574 1818 4645 imponendo,
1834 4576 2010 4649 impetrarem

371 4665 479 4738 (Metti.
494 4680 533 4731 tx,
547 4663 602 4743 ii).
622 4662 675 4721 Sed
688 4672 761 4720 utres
779 4677 863 4718 aoros
877 4671 950 4718 utres
960 4669 1065 4719 reteroa
1081 4660 1164 4720 mira·
1216 4662 1344 4737 spiritum
1361 4671 1482 4720 randum
1502 4663 1668 4720 iuroeaotes.
1686 4662 1778 4722 Simon
1790 4664 1939 4725 admiratos
1951 4677 2010 4727 taa-

372 4757 481 4823 hantnr,
495 4766 521 4812 et
535 4754 721 4812 calrrmniando
733 4769 782 4810 nec
808 4753 1015 4822 innovabantur,
1039 4769 1090 4813 nee
1115 4755 1166 4812 im*
1217 4761 1272 4809 um
1287 4755 1400 4826 qratiam
1420 4753 1629 4825 Apostolorum,
1655 4755 1797 4827 peramans
1821 4756 1887 4814 daro
1913 4757 2010 4828 adult,

372 4849 524 4920 plebaatnr.
544 4846 598 4903 snt
613 4860 736 4917 repressa
757 4845 863 4902 nrrdem
876 4847 1100 4913 calumniamur
1118 4847 1164 4904 ubi
1217 4845 1292 4918 quasi
1305 4845 1380 4912 illud,
1394 4844 1465 4916 quod
1478 4843 1668 4912 invocabatur,
1683 4847 1778 4904 renale
1791 4860 2008 4921 proponeretur:

372 4938 614 4998 sermocinantibus
628 4937 811 5007 rationemque
834 4934 1007 4992 reddentibus
1018 4946 1046 4994 et
1065 4935 1165 4994 citrini
1217 4933 1265 4993 aetl
1281 4935 1404 5006 repulsus
1423 4944 1476 5006 eat,
1493 4942 1522 4993 et
1546 4944 1619 4994 tanta
1637 4937 1723 5009 qratia
1744 4938 1868 5013 indignus
1886 4941 2012 5001 inreotea

371 5031 459 5104 qratia
471 5028 675 5099 predicantibus
686 5041 766 5084 aures
779 5027 916 5098 apostolis
929 5028 1109 5097 praebuerunt,
1118 5043 1167 5084 ro·
1217 5034 1269 5083 eat.
1284 5028 1453 5098 acceperunt
1474 5040 1540 5097 erqo
1559 5025 1597 5083 tili
1612 5026 1741 5097 Spiritum
1755 5038 1877 5087 sanctum
1893 5047 1942 5102 per
1953 5046 2012 5092 raa·

324 5134 332 5145 ·
370 5118 636 5190 tiieurlommpnncti
658 5127 730 5183 sunt,
753 5118 958 5191 compunctione
983 5117 1076 5174 mutati
1089 5126 1164 5186 sunt,
1217 5117 1480 5190 uuadpoatolorum.
1501 5115 1577 5174 Tune
1596 5119 1735 5189 erroqola
1758 5117 2010 5183 stnaaittetsorat·

372 5214 468 5272 notati
480 5211 668 5277 crediderunt;
682 5209 833 5274 credentes,
846 5209 898 5266 hoe
909 5208 981 5282 quod
996 5209 1024 5266 in
1042 5210 1102 5266 aliis
1115 5211 1166 5266 mi-
1218 5226 1282 5267 aom
1297 5224 1357 5267 esse
1371 5217 1511 5282 potarent
1534 5207 1635 5265 donum
1650 5208 1707 5275 bei,
1733 5224 1769 5267 ae
1794 5211 1865 5284 apod
1890 5212 2011 5281 infimos

370 5306 511 5367 rebantur,
526 5304 648 5375 accipere
660 5309 814 5359 mernerunt
825 5299 895 5372 (acc.
910 5301 952 5373 rt).
1218 5299 1278 5357 ltaec
1302 5299 1419 5371 auspido
1442 5296 1609 5364 demaraten
1633 5306 1726 5370 postea
1740 5299 1878 5359 namtas
1901 5304 2010 5376 quidaart

407 5397 435 5452 s.
457 5394 569 5466 Spiritus
588 5404 689 5449 sanctas
712 5393 824 5458 donum,
844 5408 894 5447 noo
913 5392 1021 5448 bortrinis
1044 5395 1164 5462 ministri,
1218 5391 1349 5450 Cardacas
1373 5391 1472 5463 regina
1489 5389 1614 5447 veniebat
1632 5389 1667 5448 de
1687 5390 1848 5459 irritarint,
1868 5410 1921 5473 qno
1943 5396 2010 5483 lerqt

369 5489 417 5547 sed
432 5487 490 5543 net.
501 5485 693 5542 denarrarem
714 5501 794 5550 error,
815 5500 867 5539 nors
886 5484 944 5538 dori
959 5484 1085 5557 Spiritnn
1102 5501 1166 5542 ron·
1219 5492 1249 5540 ot
1261 5491 1359 5550 oraret,
1375 5490 1403 5538 et
1421 5480 1518 5537 sedeas
1530 5481 1557 5538 ia
1571 5496 1651 5539 curru
1665 5482 1771 5555 terebat
1783 5481 1878 5545 lsaiaat
1893 5486 2011 5559 propin?-

1219 5584 1285 5632 tam.
1306 5574 1382 5632 Tunc
1396 5574 1512 5646 Spiritus
1523 5582 1632 5632 unctus
1643 5575 1681 5632 ait
1695 5575 1818 5648 Philippo
1831 5579 2012 5642 utaeeederet

384 5668 499 5740 smil*
514 5665 757 5728 “mmmm
775 5663 871 5728 aliquod
883 5663 1009 5729 exemptae
1023 5664 1168 5716 videram
1220 5667 1254 5724 ad
1266 5682 1386 5723 currum.
1405 5665 1453 5724 llls
1466 5666 1512 5739 qui
1527 5667 1553 5723 in
1568 5665 1688 5725 Samaria
1707 5666 1899 5739 baptizaverat,
1913 5680 1941 5731 et
1961 5687 2012 5733 ue·

372 5728 449 5863 '⁸223'
461 5796 529 5870 Q
545 5796 562 5848 5
576 5798 640 5848 qum
655 5795 768 5846 Μῶα,
785 5793 863 5847 ,dm
879 5809 910 5847 ex
928 5796 1023 5860 ⁰¹²1&ss
1037 5797 1168 5848 (mm
1220 5762 1285 5819 mini
1300 5777 1407 5817 manum
1432 5762 1603 5831 imposuerat,
1627 5769 1655 5818 et
1678 5762 1815 5833 liptatolis
1832 5765 2011 5831 nuntiaverat,

372 5873 413 5914 aa
424 5862 551 5923 temptes.
1220 5860 1251 5909 ut
1263 5867 1312 5925 per
1332 5853 1439 5908 illorum
1453 5850 1596 5908 adrentum
1615 5860 1643 5909 et
1657 5867 1750 5909 manus
1767 5852 1965 5925 impositionem
1977 5858 2011 5916 ab

372 5917 747 6047 ‚Qfflmfflmdffl
755 5919 1169 6046 ’fflqfflqu'efflssmmss
1221 5958 1255 6000 eo
1268 5942 1392 6015 baptisati
1405 5942 1533 6014 Spiritum
1547 5951 1669 6000 aanemrn
1693 5943 1815 6016 accipere
1834 5953 2011 6026 amarentu,

372 6045 461 6098 cetae
476 6041 515 6096 Β).
1222 6035 1326 6092 accedit
1339 6033 1372 6088 acl
1386 6048 1505 6103 curnam,
1526 6034 1672 6106 interrogat
1686 6033 1855 6090 Euuuehnm
1872 6034 2035 6095 mewa&

531 6128 663 6194 rann.
683 6131 862 6197 xxxrrn.
1246 6183 1253 6198 .
1613 6124 1885 6210 transenna
