4759 6684
292 529 359 584 last

293 652 420 712 perpetum
441 639 568 711 felicitatis
581 638 717 708 mundant.
730 634 823 707 insigni
842 631 963 705 ntortgrio
973 634 1083 703 adepta.

294 732 444 789 Hodiernus
455 732 512 787 dies
521 731 701 788 anniversaria
713 729 886 799 replicatione
897 728 974 783 uobis
988 728 1013 781 in
1028 742 1087 781 rrae·

294 824 408 882 mortum
424 835 541 891 reuocat,
553 833 582 879 et
594 821 708 892 quodam
723 820 803 897 modo
817 828 991 890 repraesentat
1004 818 1086 882 diem,

292 928 347 985 quu
361 924 461 969 sanctae
476 914 579 971 litterula
597 913 642 969 bei
657 913 787 983 Perpetua
801 920 829 967 et
843 910 969 965 Felicitas
981 910 1088 965 coronis

293 1006 414 1079 trrartyrii
429 1005 573 1072 decoratae,
586 1015 715 1076 perpetua
727 1002 854 1059 lelleltate
868 998 1029 1066 bortrer'nut,
1046 1012 1086 1057 te·

294 1109 389 1154 nentes
404 1114 500 1153 rrttntclt
514 1097 613 1152 Christi
628 1098 654 1151 in
669 1094 772 1166 praelio,
788 1103 816 1149 ct
829 1094 908 1149 simul
921 1093 1088 1149 inuenientes

293 1192 375 1246 etiarn
389 1206 466 1245 suurn
482 1204 578 1244 norrren
595 1190 620 1242 in
637 1189 756 1258 prmmio.
776 1187 982 1241 Exlrortatioues
996 1200 1087 1240 earum

294 1282 323 1337 in
336 1281 433 1337 divinis
451 1280 669 1348 revelationibus,
695 1277 895 1349 triumphosque
907 1277 1085 1347 passionum,

294 1387 358 1426 cum
372 1382 531 1443 regeremur,
550 1371 716 1434 audirinurm
735 1384 821 1441 caque
839 1383 929 1423 omma
946 1368 1088 1423 uerborum

295 1461 397 1533 pligesa
420 1472 447 1518 cl
469 1461 600 1516 illustrata
628 1461 792 1527 luminibus,
812 1473 877 1514 aure
905 1458 1086 1528 percepimus,

296 1562 388 1621 melate
401 1555 591 1625 spectauimus,
603 1553 733 1624 religione
747 1552 946 1615 lrorrorarimus,
957 1549 1088 1605 charitate

293 1630 472 1707 nonantulas.
486 1644 602 1699 Debetur
613 1653 701 1698 tartren
713 1643 818 1698 etianra
832 1642 909 1696 nobis
920 1650 972 1697 lam
986 1641 1089 1697 devotae

295 1735 445 1793 nclebritati
459 1751 550 1791 sermo
567 1735 705 1799 solemnis,
725 1749 805 1804 quem
828 1733 852 1789 si
873 1731 976 1789 meritis
997 1746 1089 1787 eurtum

294 1812 426 1897 imparem
446 1826 562 1897 profero,
584 1827 725 1897 irupigrurn
743 1836 831 1880 tarmm
849 1823 974 1880 allectum
993 1821 1090 1893 gaudio

296 1925 377 1973 unta
390 1914 543 1973 festivitatis
560 1917 684 1973 exhibeo.
704 1915 863 1998 erideuirrr
883 1916 1026 1987 gloriosius
1038 1914 1090 1988 ‚los

295 2006 414 2073 leminis,
427 2023 494 2077 quas
506 2007 555 2063 riri
570 2009 700 2063 mirantur
713 2008 828 2073 lucilius,
841 2023 919 2078 quam
936 2007 1091 2063 imitantur?

294 2096 351 2159 Sed
364 2098 415 2153 lroe
430 2098 500 2153 illius
515 2098 682 2167 potissimum
698 2098 755 2153 iaus
768 2107 820 2166 est,
836 2098 862 2152 iu
876 2114 957 2168 quem
975 2098 1091 2154 creden·

296 2196 351 2256 let,
365 2199 393 2244 el
411 2190 437 2245 in
457 2189 533 2257 cujus
553 2189 661 2245 nurnine
684 2189 756 2246 lideli
778 2191 867 2245 studio
887 2199 1089 2255 cernennentes,

295 2267 444 2336 secundum
460 2280 613 2336 interiorem
628 2281 780 2348 bominem,
803 2296 853 2338 neo
870 2283 1019 2349 masculus,
1040 2297 1091 2339 rtee

296 2368 397 2427 lentina
411 2371 595 2438 inreuiuntrrr;
608 2380 636 2427 ut
648 2371 729 2427 etiam
743 2373 770 2427 iu
785 2370 826 2428 lais
838 2388 898 2443 qum
910 2382 972 2428 sunt
983 2371 1090 2428 sentinae

296 2464 517 2533 corporalium
532 2464 629 2519 olentis
643 2478 739 2520 sexum
752 2464 841 2519 carnis
852 2463 1007 2528 abscondat,
1022 2472 1049 2519 et
1064 2464 1091 2519 in

296 2554 425 2609 nuernbris
440 2554 527 2624 pigeat
546 2555 673 2624 cogitare,
695 2554 764 2625 quod
785 2555 811 2609 in
834 2553 910 2610 lactis
932 2568 985 2609 oon
1007 2556 1093 2625 potuit

295 2659 436 2715 apparere.
451 2644 574 2699 Calculus
592 2653 634 2700 est
658 2659 722 2715 ergo
736 2644 817 2700 draco
832 2643 899 2716 pede
916 2652 991 2699 coslo
1006 2655 1033 2699 et
1048 2644 1090 2698 ri·

295 2744 372 2791 sture
382 2734 571 2806 vestigiorum
584 2735 933 2790 erectaedemonstrareutur
943 2734 1032 2799 scalae,
1044 2750 1092 2806 per

296 2839 365 2901 quaa
379 2824 456 2881 beata
472 2825 603 2895 Perpetua
619 2825 669 2880 iret
681 2823 715 2879 ad
731 2825 823 2879 beum.
839 2823 876 2879 lta
890 2834 968 2894 capul
980 2838 1092 2895 serpen-

298 2918 333 2991 tis
355 2917 473 2987 antiqui,
490 2915 562 2988 quod
577 2916 624 2972 luit
645 2915 820 2987 praecipitium
843 2915 949 2971 semime
969 2914 1091 2985 caderrti,

297 3006 395 3077 gradus
409 3007 508 3063 lactum
524 3017 565 3062 cst
576 3006 742 3063 ascendenti.

333 3097 445 3156 cst’tln
465 3099 544 3155 lt-
557 3099 584 3154 Ξ.
608 3098 697 3154 Gloria
714 3107 863 3170 nmrtpruur.
881 3098 951 3167 Quid
966 3098 1017 3153 lane
1031 3112 1093 3169 spe-

296 3190 402 3246 ctaculo
415 3191 540 3247 suarius!
551 3189 614 3263 qnid
628 3191 678 3246 iroc
690 3188 1028 3259 certaminelnrliusiquid
1041 3189 1093 3245 bac

297 3280 408 3336 uictoria
427 3281 584 3353 gloriosius?
602 3279 678 3337 Tune
696 3295 756 3335 cum
776 3278 869 3335 bestiis
882 3288 975 3335 sancta
989 3278 1090 3351 objice·

298 3379 391 3426 rentur
402 3386 525 3441 corpora,
540 3380 595 3426 ιοιο
609 3369 806 3442 amplritlreatru
821 3368 972 3426 fremebant
985 3379 1090 3441 gentes,

297 3467 325 3515 cl
337 3460 428 3530 populi
443 3460 638 3516 meditabantur
648 3460 746 3515 inantia.
760 3457 812 3516 Sed
824 3462 868 3531 qui
884 3461 987 3517 inabitat
996 3461 1023 3515 in
1034 3477 1091 3519 cm·

298 3550 343 3618 iis,
356 3549 484 3605 irridebat
498 3565 555 3618 eos,
568 3556 596 3606 el
609 3550 737 3606 bantinus
750 3550 931 3607 subsarmabat
940 3566 988 3607 eos
999 3548 1090 3623 (rut.

296 3657 327 3709 tt,
344 3641 369 3708 l,
385 3642 432 3715 l).
446 3641 522 3699 Nunc
537 3652 625 3697 autem
641 3644 740 3713 posteri
754 3643 871 3710 illorum,
884 3658 999 3714 quorum
1012 3659 1091 3701 uoces

268 3792 271 3798 ,
295 3734 324 3789 iu
340 3749 451 3789 carnem
465 3743 609 3806 martyrum
624 3733 703 3806 impie
717 3733 871 3799 saeviebant,
884 3733 978 3789 merita
992 3743 1092 3806 marty-

295 3841 356 3881 rum
367 3825 419 3897 piis
434 3825 542 3880 alaribus
556 3824 674 3880 laridum.
689 3825 780 3897 Neque
796 3834 859 3882 tunc
873 3833 946 3880 lanto
960 3841 1090 3881 corrcrtrsu

296 3914 435 3973 troarnum
449 3917 481 3971 ad
502 3932 549 3971 ans
569 3915 729 3972 occidendus
747 3932 829 3971 casea
853 3914 1018 3969 crudelimtis
1039 3914 1090 3976 irn-

296 4006 368 4077 pllta
384 4016 436 4074 est,
459 4016 559 4078 rqrrauto
574 4024 644 4062 outre
665 4007 698 4061 ad
718 4022 766 4061 eus
786 4005 955 4062 honorandus
978 4006 1091 4062 ecelesia

296 4100 403 4171 pietatis
415 4100 550 4172 impletur.
567 4099 645 4157 Ornrri
665 4115 735 4179 arrato
758 4107 863 4169 spectat
883 4114 943 4155 curn
963 4099 1092 4170 religiono

295 4178 424 4259 ebaritas,
440 4194 511 4266 quod
528 4210 580 4247 unn
593 4193 637 4248 die
650 4209 710 4249 rurrr
724 4191 863 4261 sacrilegio
884 4191 1018 4246 commisit
1038 4192 1090 4246 im·

295 4284 393 4357 pietas.
409 4286 603 4356 Spectaremot
616 4293 643 4339 et
656 4284 711 4350 illi,
725 4281 771 4337 sed
793 4282 871 4353 lorrge
885 4282 1021 4339 uoluntate
1034 4282 1090 4336 dis-

294 4360 388 4451 pirnili.
399 4376 436 4431 llli
451 4375 591 4431 clanraudn
601 4375 742 4443 iaciebant,
760 4373 830 4445 quud
842 4372 988 4430 rurudendo
998 4373 1091 4430 bestie

296 4482 352 4551 prore
365 4464 521 4537 iruplebant.
542 4464 596 4522 Nos
609 4474 697 4521 autem
718 4474 746 4519 et
765 4463 837 4534 quod
854 4463 977 4519 iecerunt
994 4450 1090 4535 impii,

295 4556 467 4626 miseramur,
487 4568 514 4614 et
527 4557 597 4631 qnod
618 4557 653 4628 pii
670 4558 739 4629 passi
760 4565 839 4623 suut,
860 4571 1028 4613 ueneramus.
1049 4556 1089 4612 llli

299 4635 421 4711 ¹uiderunt
434 4649 520 4706 ocrriis
533 4650 631 4715 carnis,
643 4648 713 4719 quod
726 4647 815 4704 cordis
827 4647 983 4703 intratanitati
1000 4647 1090 4703 reiun-

247 4725 249 4728 ’
294 4749 412 4797 terent:
427 4755 475 4797 nos
489 4740 632 4811 aspicimus
644 4738 728 4794 oeulis
743 4738 842 4806 cordis,
865 4738 936 4811 quod
958 4738 1010 4794 illis
1031 4755 1090 4795 ere·

296 4842 372 4904 ptum
384 4841 435 4899 est,
450 4847 483 4886 ne
494 4830 624 4887 riderent.
639 4828 677 4885 lili
692 4842 794 4885 rrrrtrtua
807 4831 888 4886 laetali
902 4840 964 4887 suut
978 4846 1089 4903 carpum

295 4934 457 5003 trrartyrum,
472 4938 521 4978 tros
536 4933 640 4979 mentes
653 4933 772 4978 mortuus
784 4922 905 4978 dolemus
919 4921 1035 4979 illorum.
1050 4923 1090 4979 illi

294 5014 356 5071 siue
369 5013 468 5069 luunine
482 5012 542 5069 srdci
556 5023 688 5086 martyres
701 5022 861 5084 putauerunt
873 5013 1028 5079 exstitimus,
1040 5029 1090 5070 tros

296 5104 455 5161 ddclissimo
470 5107 566 5161 iutuitu
577 5105 712 5160 cernimus
726 5114 879 5160 coronatos.
897 5104 1015 5176 bellique
1027 5105 1089 5161 illo·

293 5213 358 5255 rum
371 5198 507 5253 insultatio
520 5197 587 5253 [arcta
601 5208 641 5252 est
654 5207 743 5252 nostra
756 5195 908 5252 exsultatio.
922 5195 955 5251 Et
965 5196 1090 5268 lraecqui·

295 5290 359 5346 dem
380 5291 502 5362 religiosa
519 5301 545 5345 et
560 5290 741 5358 serrapiterna:
765 5287 810 5343 ilia
831 5301 894 5343 aero
914 5296 977 5343 tunc
997 5285 1088 5359 impia,

295 5396 369 5438 uttrtc
381 5381 459 5449 piane
472 5381 526 5451 jann
542 5381 623 5434 ratrila.

332 5468 445 5528 tztnbt
466 5470 508 5525 ΙΙΙ.
520 5501 555 5510 -
570 5472 596 5527 b.
618 5469 762 5542 diurtqrum
780 5486 826 5523 cur
844 5469 955 5525 ariminus
973 5470 1090 5540 prendo.

301 5564 367 5620 t'rae
378 5564 454 5636 buiris
468 5565 600 5619 laboriosae
618 5580 698 5618 rimor.
719 5563 829 5618 Pramia
848 5573 1009 5633 martyrum,
1024 5562 1090 5617 cba-

295 5656 413 5722 rissimi‚
428 5656 543 5711 irrasirna
561 5655 706 5722 eredimus,
727 5663 754 5710 ct
775 5653 924 5710 rectissime
942 5653 1087 5711 credimus.

295 5746 351 5802 Sed
372 5746 393 5801 si
415 5748 560 5801 certamina
583 5747 724 5816 diligenter
742 5745 901 5808 iutueamur,
921 5760 1088 5816 nequaquam

296 5840 343 5897 tila
364 5849 418 5894 tam
443 5852 537 5910 rnagua
561 5854 622 5894 esse
651 5836 814 5893 mirabimur.
839 5834 1091 5906 detrimentoque

296 5934 417 5996 omrrrnis
439 5930 576 5988 laborioso
595 5946 625 5987 ac
648 5931 810 6000 rrsrrrporatts,
828 5939 914 5984 tarrreu
936 5938 1007 5985 lanta
1028 5929 1088 5987 uel·

976 520 1092 579 semro
1109 520 1260 579 cclxxx.

1863 533 1932 592 ¹28!

1138 635 1208 691 cedo
1218 644 1272 702 est,
1283 644 1311 690 ut
1322 650 1383 692 cum
1394 636 1518 695 lrouriaes
1529 653 1582 696 uon
1596 642 1698 712 prosint
1707 643 1813 700 allicere
1826 660 1860 702 ue
1873 663 1931 703 ruu-

1138 726 1253 795 riantur,
1268 737 1356 784 tamen
1375 730 1465 786 multis
1483 738 1512 787 sl
1529 733 1633 804 narrgnis
1652 735 1791 791 conatibus
1803 747 1882 806 agant
1897 755 1931 794 uc

1139 821 1193 875 cito
1207 821 1365 878 moriautur.
1380 822 1433 877 Pro
1453 834 1539 880 murto
1556 825 1700 881 auferenda
1720 826 1785 881 nibil
1805 827 1862 884 deri
1882 846 1930 901 po·

1140 918 1203 975 test,
1217 921 1245 967 el
1259 928 1307 981 pro
1325 927 1357 968 ca
1381 912 1527 969 differenda
1549 918 1578 970 llt
1595 917 1722 987 quidquid
1742 929 1838 988 potest.
1853 920 1933 978 Certe

1140 1000 1213 1055 ursuni
1227 1000 1325 1057 animm
1337 1003 1460 1059 laborare
1473 1006 1614 1063 molestum
1629 1019 1688 1063 rat:
1703 1017 1730 1063 et
1745 1017 1832 1064 tanuen
1851 1013 1932 1066 etianr

1140 1093 1173 1148 ab
1188 1094 1241 1162 iris,
1255 1108 1270 1148 a
1283 1094 1381 1164 quibus
1394 1096 1459 1150 nillil
1473 1110 1519 1151 seu
1532 1096 1611 1163 brou,
1625 1113 1672 1152 seu
1691 1098 1769 1166 unali,
1792 1112 1850 1170 post
1865 1101 1934 1159 ltarrc

1138 1174 1221 1238 'uitam
1234 1195 1367 1255 speratur,
1385 1188 1510 1242 omuibus
1528 1188 1663 1245 laboribus
1684 1192 1780 1261 agitur,
1804 1207 1838 1247 ne
1860 1193 1934 1249 tabor

1140 1278 1228 1331 omnis
1242 1286 1330 1333 morte
1351 1277 1470 1333 finiatur.
1485 1280 1554 1347 Quid
1574 1279 1624 1348 illi,
1647 1282 1691 1353 qui
1708 1283 1747 1337 rel
1762 1298 1855 1340 errore
1876 1296 1935 1354 post

1140 1377 1255 1421 mantem
1269 1365 1375 1423 laturas
1393 1370 1473 1425 lalsas
1488 1381 1514 1426 ct
1528 1373 1649 1427 carnales
1666 1373 1774 1429 delicias
1795 1377 1934 1445 suspican-

1142 1464 1194 1521 tur,
1205 1457 1246 1512 rel
1259 1466 1331 1514 recta
1341 1457 1394 1514 ude
1404 1460 1521 1530 quietem
1531 1462 1671 1531 quamdam
1686 1448 1852 1519 lnemulltu'r
1863 1473 1935 1530 tran·

1141 1549 1328 1618 quillissimam
1353 1560 1381 1606 cl
1401 1551 1581 1607 beatissimam
1600 1564 1724 1624 sperant,
1746 1570 1836 1612 ntrune
1855 1557 1934 1612 etiam

1142 1639 1192 1709 ipsi
1207 1649 1349 1711 satagunt,
1364 1648 1391 1695 et
1405 1642 1508 1712 magnis
1521 1643 1594 1697 curis
1607 1653 1689 1714 agunt
1706 1659 1741 1698 ne
1754 1647 1806 1700 cito
1820 1647 1936 1703 morian-

1142 1731 1203 1785 tur?
1214 1731 1283 1798 Quid
1296 1730 1347 1786 sini
1361 1732 1432 1786 euim
1448 1732 1518 1786 aiirrd
1533 1733 1625 1789 uariunt
1638 1749 1687 1804 pro
1701 1736 1770 1790 rictu
1784 1738 1936 1791 necessario

1143 1827 1183 1874 tot
1197 1820 1313 1887 labores,
1328 1830 1400 1875 tanta
1415 1821 1540 1890 seruitus,
1554 1823 1610 1879 sire
1625 1824 1774 1891 medicina,
1791 1826 1849 1881 sire
1867 1827 1935 1881 alio-

1143 1925 1203 1965 rum
1218 1909 1418 1981 obsequiorum,
1430 1926 1509 1982 quarn
1520 1913 1682 1985 releaiguut
1693 1926 1797 1986 agros,
1808 1916 1848 1972 rel
1861 1915 1936 1972 exbi-

1143 1998 1222 2055 betur
1232 2002 1350 2072 aegrotis,
1363 2001 1414 2057 nisi
1425 2017 1459 2056 ue
1468 2001 1502 2057 ad
1515 2005 1657 2060 terminum
1673 2007 1767 2060 rarorlis
1781 2008 1834 2061 cito
1847 2007 1936 2063 renia-

1143 2091 1204 2148 luri
1225 2093 1323 2160 Quanti
1343 2093 1432 2164 itaque
1453 2096 1632 2167 conparanda
1656 2106 1698 2152 est
1721 2097 1748 2152 in
1774 2097 1860 2154 lutura
1883 2099 1935 2153 rita

1142 2183 1215 2238 nulla
1229 2184 1323 2238 mertis
1336 2183 1429 2250 illatio,
1440 2185 1517 2254 euius
1531 2194 1583 2263 tam
1600 2188 1716 2255 pretiosa
1728 2200 1769 2243 est
1782 2189 1808 2243 in
1821 2189 1872 2245 bac
1883 2191 1936 2245 uita

1142 2272 1199 2329 saia
1211 2270 1322 2329 dilatio?
1335 2272 1418 2329 Tanta
1432 2275 1530 2346 qnippe
1540 2270 1582 2332 esi
1593 2277 1674 2332 etiam
1686 2277 1765 2348 tuqus
1777 2294 1936 2335 mrurrmusa·

1142 2364 1303 2421 ritaneseio
1317 2380 1377 2436 qum
1388 2365 1517 2430 suavitas,
1529 2377 1672 2440 tantusque
1685 2370 1710 2424 in
1722 2380 1816 2427 natura
1828 2381 1935 2428 utcum-

1143 2471 1196 2529 que
1209 2456 1354 2512 virentium
1368 2456 1463 2513 borror
1479 2460 1584 2528 mortis,
1598 2472 1624 2516 ut
1639 2462 1739 2518 necilli
1755 2465 1822 2518 muri
1837 2465 1935 2530 relius,

1143 2546 1187 2617 qui
1203 2561 1250 2616 per
1261 2557 1375 2603 mortem
1390 2548 1423 2603 ad
1437 2548 1517 2603 ritum
1532 2558 1680 2616 transeunt,
1693 2550 1719 2606 in
1733 2568 1786 2623 qua
1800 2554 1868 2609 rrrori
1883 2572 1935 2609 mm

1143 2636 1258 2705 possint.

1145 2804 1148 2809 Ι
1179 2724 1293 2782 CAPUT
1307 2724 1394 2783 tl.-
1405 2728 1433 2784 l.
1447 2727 1574 2801 llortgres
1586 2739 1609 2785 el
1623 2740 1728 2785 orontem
1742 2741 1765 2786 ιι
1777 2731 1876 2787 delores
1890 2749 1937 2805 pra

1144 2812 1244 2901 blasina
1258 2829 1470 2890 contempserunt.
1483 2821 1559 2877 ilaue
1573 2823 1653 2893 igitur
1662 2823 1769 2880 uiuendi
1783 2835 1882 2880 lautam
1893 2826 1937 2895 in·

1143 2909 1308 2965 canditatcm
1330 2921 1484 2981 metumque
1504 2913 1636 2969 moriendi
1658 2915 1787 2971 clraritate
1814 2917 1936 2983 sincera,

1144 3012 1193 3070 spe
1207 3011 1291 3067 certa,
1307 3000 1360 3058 bde
1374 3016 1428 3058 non
1450 3003 1511 3059 dcta
1531 3014 1663 3078 martyres
1683 3005 1782 3062 (ibristi
1804 3007 1937 3079 precipua

1143 3088 1241 3147 virtute
1255 3101 1438 3149 contemnunt.
1454 3092 1481 3148 in
1499 3093 1541 3149 lais
1560 3096 1759 3166 promittentem
1775 3097 1936 3151 urinanleut·

1143 3195 1196 3253 qne
1211 3182 1339 3237 murrdum
1355 3193 1415 3254 post
1430 3194 1533 3255 tergum
1549 3185 1740 3256 relinquentes,
1757 3186 1784 3242 in
1803 3187 1937 3243 anteriora

1143 3287 1173 3328 se
1195 3273 1354 3330 extendunt.
1375 3275 1439 3332 ilaec
1458 3277 1531 3334 uarie
1552 3276 1685 3334 sibilantis
1702 3278 1836 3334 calcantes
1859 3289 1939 3349 caput

1123 3375 1125 3378 ⁴
1143 3368 1276 3437 serpentis
1289 3368 1447 3424 ascendunt.
1462 3369 1587 3425 Omnium
1601 3370 1700 3441 quippe
1712 3371 1799 3427 uictor
1812 3381 1853 3429 est
1864 3374 1939 3442 cupi·

1143 3454 1273 3523 ditatruu,
1295 3460 1339 3530 qui
1363 3469 1488 3531 tanquam
1511 3471 1651 3534 tyranuum
1673 3462 1798 3534 subiugat
1817 3478 1937 3521 amorem

1143 3547 1205 3604 ritae
1220 3548 1309 3620 liujus,
1325 3550 1402 3620 eujus
1416 3551 1545 3608 satellites
1563 3560 1626 3608 suut
1647 3568 1744 3610 omnes
1764 3554 1936 3625 cupiditates.

1142 3637 1198 3696 lice
1217 3650 1258 3696 est
1275 3642 1386 3698 omniuo
1405 3657 1458 3712 quo
1482 3643 1508 3698 iu
1530 3642 1580 3700 irae
1602 3644 1655 3700 rita
1676 3645 1782 3701 uinculo
1805 3655 1936 3715 maneatur,

1142 3733 1265 3804 quisquis
1283 3733 1343 3787 ritae
1363 3733 1446 3805 ipsius
1458 3749 1550 3790 amore
1572 3749 1626 3791 non
1641 3743 1757 3792 leuetur.
1777 3736 1876 3793 Tirrrnri
1890 3754 1938 3792 arr·

1144 3830 1197 3877 tem
1213 3823 1308 3877 mortis
1329 3832 1356 3877 et
1378 3823 1535 3893 corporales
1553 3824 1662 3881 dolores
1684 3827 1773 3882 solent
1794 3835 1938 3897 utcuruqus

1142 3912 1269 3992 ctlrrierri.
1292 3912 1359 3968 Narro
1382 3912 1525 3986 aliquando
1546 3913 1600 3979 ille,
1622 3915 1764 3986 aliquando
1784 3917 1834 3972 iste
1856 3918 1938 3975 vincit

1144 4006 1170 4063 iu
1185 4007 1303 4062 linurine.
1317 4005 1442 4063 bientitur
1458 4014 1551 4073 tintus,
1567 4023 1601 4064 ue
1614 4008 1756 4076 moriatur;
1773 4012 1899 4066 nteutitur
1909 4020 1938 4067 ct

1143 4096 1299 4165 ruroriturus,
1314 4113 1347 4153 ue
1362 4106 1525 4168 torqueatur.
1543 4097 1642 4155 Verum
1662 4097 1736 4166 dieit,
1757 4115 1809 4156 uon
1824 4101 1937 4159 iercudo

1144 4197 1287 4255 tormenti,
1301 4205 1336 4246 ne
1349 4204 1397 4260 pro
1411 4204 1441 4245 se
1455 4190 1608 4246 mentiendo
1629 4200 1794 4263 torqueatur.
1814 4190 1867 4249 Sed
1890 4208 1936 4249 su·

1143 4292 1220 4353 peret
1230 4280 1324 4336 burum
1339 4280 1451 4353 quilibet
1461 4282 1487 4336 in
1502 4281 1637 4337 mentibus
1654 4282 1825 4354 quibuslibet.
1839 4283 1936 4357 liartgs

1143 4387 1187 4431 res
1201 4370 1300 4443 ¹Cbrisli
1321 4388 1370 4444 pro
1384 4374 1492 4429 trornine
1510 4384 1537 4429 et
1555 4373 1657 4444 justitia
1673 4373 1772 4431 Christi
1793 4386 1937 4449 uanusque

1143 4463 1264 4536 uicerunt
1279 4481 1287 4519 :
1300 4479 1350 4520 nec
1364 4464 1448 4530 mori,
1465 4480 1515 4522 nec
1534 4465 1626 4521 dolere
1643 4466 1800 4523 tiruueruul.
1823 4467 1892 4527 licit
1909 4470 1936 4526 in

1142 4554 1183 4611 eis
1197 4553 1241 4627 qui
1255 4553 1320 4609 sirit
1334 4554 1360 4609 in
1375 4555 1430 4619 eis;
1450 4563 1479 4610 ut
1491 4555 1535 4625 qui
1547 4570 1600 4611 nou
1612 4555 1673 4623 sibi,
1688 4556 1736 4613 sed
1750 4558 1787 4615 illi
1802 4557 1936 4629 riserunt,

1142 4661 1194 4705 uec
1208 4644 1306 4701 mortui
1325 4658 1503 4702 morerentur.
1525 4646 1584 4719 lpse
1599 4647 1638 4703 cis
1652 4648 1795 4706 exhibebat
1808 4651 1936 4722 spiritua·

1143 4739 1183 4795 les
1194 4738 1316 4805 delicias,
1330 4754 1364 4796 ne
1376 4740 1507 4799 sentirent
1518 4742 1671 4810 corporales
1684 4743 1838 4811 molestias,
1853 4760 1937 4816 quaar-

1143 4837 1199 4884 tum
1212 4844 1265 4887 nou
1279 4828 1433 4909 defectioni,
1446 4831 1493 4906 sed
1508 4833 1692 4889 exercitationi
1704 4830 1850 4891 sulbceret.
1869 4834 1936 4893 llam

1142 4918 1187 4979 ubi
1202 4930 1260 4977 erat
1272 4920 1317 4977 iila
1329 4919 1438 4987 seminia,
1457 4923 1565 4994 quando
1582 4922 1616 4979 ad
1637 4926 1813 4995 asperrimam
1828 4941 1936 4983 uaccam

1142 5027 1171 5068 sc
1186 5027 1305 5085 pugnare
1318 5030 1372 5073 uon
1384 5016 1481 5085 sensit,
1493 5024 1520 5070 et
1532 5016 1639 5087 quando
1654 5015 1770 5075 lotumm
1783 5031 1854 5076 esset
1865 5019 1936 5090 quud

1139 5103 1195 5174 iam
1217 5105 1314 5176 luerat,
1337 5106 1489 5177 inquisivit?
1512 5105 1560 5164 Ubi
1575 5106 1651 5162 erati
1665 5107 1733 5176 erid
1753 5107 1862 5176 ridens,
1885 5109 1937 5163 iata

1143 5212 1197 5255 non
1216 5198 1337 5256 siderali
1350 5199 1409 5266 Quo
1430 5197 1543 5266 fruens,
1568 5198 1618 5253 ism
1640 5214 1692 5253 uon
1716 5199 1857 5255 senseratl
1877 5199 1937 5268 Quo

1142 5305 1236 5351 amore
1249 5291 1380 5358 alienata,
1399 5305 1453 5361 quo
1465 5291 1617 5359 spectaculo
1631 5300 1751 5358 auocata,
1772 5307 1825 5362 qno
1839 5293 1938 5363 poculo

1142 5381 1292 5439 mebriatal
1303 5382 1338 5438 lta
1355 5382 1442 5437 adhunc
1463 5381 1582 5439 tiaerebat
1603 5383 1715 5439 neribus
1728 5385 1827 5447 castris,
1848 5384 1936 5449 adlute

1143 5473 1302 5532 uroribunda
1315 5473 1434 5530 membra
1446 5474 1579 5545 gestabat,
1593 5474 1681 5531 adlruc
1695 5475 1862 5544 corruptibili
1875 5490 1932 5531 cur·

1142 5579 1209 5638 poro
1220 5566 1388 5638 grauabatur.
1401 5565 1480 5635 Quid,
1491 5579 1552 5620 cum
1564 5565 1690 5622 resolute
1702 5567 1744 5621 llis
1755 5566 1868 5623 vinculis
1878 5567 1938 5623 ani·

1143 5673 1195 5714 rtrm
1217 5667 1365 5729 martyrum
1388 5667 1447 5729 post
1469 5646 1580 5713 labores¹
1601 5658 1743 5728 periculosi
1764 5658 1936 5727 certaminis,

1144 5747 1285 5817 triurnpbis
1298 5747 1424 5818 angelicis
1438 5757 1558 5819 eaeepue
1576 5758 1656 5819 atque
1677 5749 1783 5805 relectae
1804 5759 1879 5815 surrt,
1890 5751 1936 5808 nul

1143 5853 1197 5909 nou
1219 5838 1258 5893 eis
1273 5837 1379 5917 dieitur,
1396 5836 1504 5909 implete
1527 5836 1598 5911 quod
1619 5838 1706 5910 jussu
1729 5839 1796 5907 sed,
1818 5840 1937 5913 decipite

1144 5928 1213 6003 quod
1226 5930 1353 6002 promisi?
1362 5930 1418 5999 Qua
1430 5929 1673 6002 nunejucuuditale
1686 5932 1860 6002 spirituabtcr
1871 5948 1938 6002 epu·
