4759 6684
351 578 403 635 ⁷75

352 712 589 774 creditel'ilinm.
606 706 652 763 sed
670 717 757 761 tamen
774 702 808 761 de
820 700 899 760 Patre
910 700 1024 768 Filium,
1038 700 1145 756 Putrem

353 825 420 865 vero
434 822 485 861 iton
506 804 538 858 de
556 800 634 856 Filio.
649 798 730 869 Origo
742 796 811 868 apud
826 792 911 862 illum,
926 795 1062 865 :equalitas
1076 792 1144 862 apud

358 881 447 955 istunt.
463 896 528 950 Nam
543 894 565 947 si
576 892 685 961 aqualis
700 904 752 944 nou
766 896 827 954 est,
841 902 922 943 verns
934 884 1016 940 Filius
1030 899 1081 940 non
1092 891 1143 939 εει.

354 991 423 1061 Quid
438 989 508 1044 euim
523 987 646 1048 dicimus,
661 981 777 1038 iratres?
792 980 820 1036 Si
835 978 944 1050 aequalis
955 993 1007 1033 iton
1020 986 1076 1041 est,
1092 975 1145 1031 mi·

357 1100 406 1137 tur
418 1091 458 1135 est
476 1098 482 1134 :
498 1080 519 1134 si
534 1077 620 1132 minor
634 1084 685 1140 est,
707 1074 844 1143 interrogo
856 1069 1009 1126 salvandam
1024 1078 1144 1122 naturam

354 1175 423 1235 orale
448 1171 618 1235 credentem,
644 1164 777 1237 quomodo
801 1164 889 1218 minor
913 1171 990 1216 nutus
1010 1169 1061 1216 εει.
1090 1158 1145 1214 tte-

354 1265 456 1335 sponde
472 1282 478 1317 :
494 1263 580 1317 minor
594 1261 704 1325 erescit,
718 1274 752 1312 au
768 1256 845 1311 non?
868 1255 895 1310 Si
908 1253 1021 1318 crescit,
1040 1259 1146 1323 ergoet

353 1358 431 1414 Pater
446 1355 572 1411 senescit.
598 1352 626 1409 si
646 1362 734 1406 autem
756 1348 825 1420 quod
839 1354 989 1412 natusest,
1012 1345 1063 1400 ltnc
1077 1343 1144 1408 erit;

355 1449 376 1501 si
392 1448 479 1501 mittor
494 1455 571 1499 natus
582 1452 638 1506 εει,
662 1451 690 1496 ει
711 1441 798 1495 ntinor
816 1439 866 1495 crit
882 1457 889 1493 ι
904 1453 964 1493 cum
984 1435 1146 1492 detrintcnto

354 1554 403 1592 ειιε
416 1539 546 1606 perlectus
559 1535 610 1590 erit
620 1573 629 1598 ,
640 1547 700 1587 cum
714 1530 874 1586 detrimento
888 1528 979 1583 lormoe
990 1525 1076 1580 Patris
1090 1538 1146 1594 per·

354 1632 439 1686 lectus
454 1638 546 1694 iratus,
564 1642 697 1703 nunqnptn
722 1632 899 1696 peruenturus
921 1629 962 1677 est
982 1618 1015 1673 ad
1033 1618 1145 1672 lormam

356 1720 453 1776 Patris.
479 1719 524 1774 Sic
540 1718 612 1789 impii
625 1717 747 1772 addicitis
762 1714 859 1769 Filium
876 1712 936 1766 :sic
951 1710 1068 1764 barcaei
1087 1707 1146 1762 bla-

355 1811 504 1882 sphematis
526 1810 630 1864 Filium.
658 1807 726 1877 Quid
739 1822 804 1877 crgo
824 1803 953 1861 catholica
974 1801 1039 1856 lidos
1061 1798 1147 1854 dicltl

355 1901 439 1956 Pilius
455 1902 525 1956 bern
539 1900 572 1954 du
586 1899 663 1954 Patre
682 1899 736 1953 Deo
753 1914 760 1950 :
776 1896 853 1950 Pater
866 1894 936 1949 [leus
955 1907 1008 1947 non
1022 1888 1056 1946 de
1077 1887 1146 1944 Filio

358 1995 438 2047 lteus.
460 1992 512 2047 Sed
527 1991 608 2045 Pilius
621 1991 691 2044 Peos
703 1989 814 2058 aerprralis
826 1987 898 2040 Patri
910 2026 918 2051 ,
932 1982 1042 2054 aequalis
1057 1990 1147 2047 uatus,

358 2101 409 2138 nou
433 2085 522 2138 uriuor
541 2091 639 2145 ontus;
664 2095 717 2134 nou
736 2078 845 2148 aqualis
860 2076 963 2139 lacteus,
978 2072 1025 2128 sed
1039 2069 1147 2141 aequalis

357 2185 444 2228 tiatira.
468 2171 543 2239 Quod
557 2182 598 2225 est
613 2170 678 2234 illc,
692 2169 744 2223 boc
763 2177 790 2223 et
803 2168 852 2222 iste
866 2166 911 2236 qui
927 2174 1004 2219 uatus
1016 2172 1067 2218 εει.
1089 2160 1146 2217 tti-

304 2280 308 2287 ·
356 2265 462 2335 aptando
473 2263 609 2317 luitPaler
623 2261 681 2316 sinc
695 2258 783 2313 Filio?
798 2257 884 2311 Absit.
897 2255 972 2310 Tolle
988 2251 1146 2323 Aliquando,

356 2357 400 2409 ubi
417 2366 521 2425 tempus
544 2359 662 2406 nonest.
686 2349 797 2418 Semper
813 2347 908 2412 Pater,
929 2358 1035 2413 semper
1055 2341 1146 2396 Pilius.

356 2449 419 2504 Siue
435 2446 510 2500 initio
531 2442 659 2513 temporis
680 2440 778 2505 Pater,
801 2439 860 2492 siue
877 2435 952 2491 initio
964 2432 1091 2503 temporis
1104 2429 1149 2485 Pi-

356 2538 408 2593 lios
425 2550 580 2607 :uunquam
605 2533 683 2587 Pater
702 2539 764 2585 ante
785 2528 900 2594 Fidum,
922 2540 1055 2596 nunquam
1070 2523 1149 2578 Pater

356 2630 414 2686 siue
430 2629 506 2684 Filio.
520 2625 572 2683 Sed
587 2637 673 2680 tumen
689 2623 750 2693 quia
768 2620 850 2675 Filius
863 2620 934 2675 Deos
946 2616 980 2673 de
990 2614 1046 2672 Deo
1059 2615 1147 2679 Patre,

357 2718 436 2776 Pater
450 2726 537 2773 autem
552 2717 622 2771 bens
634 2755 642 2781 ,
655 2713 702 2768 sed
717 2727 769 2766 mm
780 2710 814 2765 de
826 2710 882 2764 beo
896 2707 980 2772 Filio;
1001 2720 1057 2761 nou
1072 2703 1149 2759 nobis

356 2811 495 2881 displiceat
514 2803 716 2862 honorificentia
730 2801 789 2869 Filii
810 2801 836 2854 in
851 2798 939 2854 Patre.
962 2796 1148 2852 llonorillcen-

357 2905 391 2959 tia
407 2903 477 2957 enim
493 2899 553 2954 l'ilii
568 2898 638 2953 Patri
654 2895 744 2951 tribuit
766 2893 913 2958 botrorum,
938 2903 991 2946 non
1006 2903 1082 2944 suam
1097 2885 1149 2942 mi-

357 2995 415 3049 tutlt
429 2991 603 3049 diuinitatem.

393 3084 419 3140 6.
440 3081 549 3136 Verbrrnr
567 3078 613 3132 oet
635 3077 781 3131 :trondemni
800 3073 896 3129 Putria.
921 3071 987 3138 Quia
1002 3068 1150 3141 ergttdico·

358 3176 439 3240 bant,
456 3172 526 3244 quod
540 3183 745 3243 proposueram,
768 3165 799 3219 Et
811 3165 880 3228 acio,
896 3164 949 3227 ait,
965 3162 1025 3233 quio
1040 3159 1148 3214 meredo-

361 3277 414 3320 tum
429 3267 484 3337 ejus
496 3263 545 3317 uite
559 3271 653 3316 eterno
665 3268 710 3315 εει.
725 3256 865 3322 intendite,
874 3253 980 3319 iratres,
993 3251 1063 3323 qnod
1073 3252 1147 3306 dico:

358 3358 419 3412 Scio
432 3357 490 3426 iptio
503 3352 650 3407 nttrrtdotnnt
669 3349 724 3419 rjus
741 3349 791 3401 ullu
809 3356 903 3400 aternu
915 3353 963 3398 rat.
983 3342 1018 3398 Ει
1036 3342 1150 3412 legimns

358 3447 427 3518 apud
442 3446 526 3517 ipsunt
537 3445 666 3498 Joatmcnt
678 3441 712 3495 de
726 3438 847 3501 Christo,
861 3435 922 3507 lpse
937 3443 971 3489 εει
985 3450 1056 3488 cerua
1068 3431 1148 3500 Perta,

359 3550 381 3593 et
397 3540 447 3593 eitu
468 3546 571 3590 eterno.
594 3533 623 3589 Si
644 3531 797 3587 ntandatum
812 3528 898 3584 Putris
918 3526 971 3580 nita
985 3534 1084 3581 aterna
1097 3531 1148 3588 εει,

358 3640 386 3685 ει
398 3630 520 3684 (ὶΙιιίειιιε
539 3627 620 3681 Filius
639 3625 695 3695 ipse
713 3632 753 3679 est
777 3622 830 3675 rita
851 3628 970 3682 aeterna;
994 3615 1149 3670 mandatum

358 3721 445 3775 Patris
460 3721 515 3788 ipso
532 3715 614 3770 Fidus
627 3723 677 3769 cst.
689 3734 692 3743 ¹
702 3710 841 3779 Quomodo
855 3709 926 3765 eniut
941 3722 995 3762 nott
1015 3715 1056 3762 εει
1071 3721 1148 3760 muo-

359 3813 449 3866 datum
467 3810 562 3870 Putris,
577 3805 647 3877 quod
663 3814 704 3860 est
717 3803 832 3859 Verbum
847 3799 953 3857 Patris?
973 3801 1023 3854 but
1036 3799 1058 3853 si
1073 3814 1150 3852 man·

358 3905 479 3959 daturna
500 3902 577 3955 Patre
593 3899 660 3953 Filio
681 3897 772 3950 dutum
787 3894 931 3950 carnaliter
941 3892 1079 3962 accipitis,
1092 3899 1151 3944 tan·

358 4011 437 4064 quam
452 3992 549 4047 dixerit
564 3991 644 4045 Potor
655 3989 722 4044 Pilio
735 4029 743 4052 ,
757 3987 811 4042 lloe
828 3986 925 4041 ntando
938 3985 1003 4051 tibi,
1019 3984 1070 4039 ltoe
1084 3984 1148 4038 illud

358 4088 420 4140 voto
438 4085 538 4140 iacias:
555 4083 650 4152 quibus
665 4080 752 4134 verbis
774 4079 876 4133 locutos
891 4087 932 4131 est
946 4075 1024 4130 unico
1038 4074 1150 4131 Verbo?

358 4175 491 4246 Numquid
505 4173 610 4245 quaudo
626 4172 778 4225 ittarnlatum
790 4168 869 4222 tiabat
879 4167 910 4221 ad
924 4166 1051 4231 Verbum,
1065 4164 1149 4220 uerba

358 4266 518 4342 ‹quaerebatl
540 4266 607 4335 Quia
621 4280 685 4334 erpo
697 4263 749 4317 ritu
765 4271 863 4316 aternu
878 4269 919 4314 est
932 4258 1018 4312 Patris
1037 4255 1148 4312 maudu-

360 4371 434 4426 tnm,
456 4368 482 4413 et
503 4357 560 4426 ipse
574 4355 655 4409 Pilius
668 4363 709 4408 εει
721 4355 773 4407 rita
788 4360 906 4416 aterna,
922 4349 1022 4405 credite
1036 4357 1063 4403 et
1076 4347 1149 4403 acei-

360 4453 431 4522 pite,
452 4449 552 4505 credite
567 4458 593 4502 ct
609 4446 757 4515 irttelligite,
775 4443 835 4514 quia
849 4441 982 4514 Propheta
996 4440 1076 4505 dicit,
1090 4437 1150 4492 Nisi

359 4542 535 4606 credideritis,
560 4556 610 4593 aron
630 4537 771 4608 intelllqetia
786 4535 859 4608 qlaui.
873 4518 924 4598 nst,
938 4534 971 4600 l),
988 4550 1037 4588 ιιι.
1052 4528 1148 4603 Lxx).

360 4634 419 4690 Non
433 4633 547 4702 capitis?
570 4630 727 4684 dilatamini.
749 4627 904 4696 Apostolum
920 4627 1010 4681 audite
1025 4645 1032 4681 ε
1049 4625 1149 4680 Pilutu-

361 4724 439 4786 ntiui,
458 4739 489 4775 uc
503 4721 557 4774 at'tir
568 4720 662 4790 jupam
676 4718 794 4771 durertter
814 4732 870 4769 cttnr
885 4715 1028 4782 infidelibus
1043 4714 1074 4785 (ll
1088 4712 1147 4769 Cor.

361 4829 406 4878 ιι,
425 4810 472 4873 ts,
489 4806 543 4878 ll).
569 4808 618 4874 Qui
640 4807 690 4861 boc
704 4806 796 4859 uolunt
811 4803 921 4859 credere
942 4814 1083 4874 antequam
1102 4819 1149 4860 ca-

361 4907 452 4976 piant,
468 4900 588 4956 infideles
604 4908 675 4955 ειιιιι.
697 4897 764 4966 Qttia
777 4912 841 4951 sero
856 4895 976 4952 iulideles
988 4910 1046 4950 esse
1059 4897 1150 4952 toluc-

361 5006 440 5063 runt,
464 4994 578 5068 imperiti
594 4993 777 5049 rentanebunt.
793 4989 911 5046 Credunt
924 5005 996 5061 crgo,
1011 5000 1040 5043 ot
1051 4989 1149 5043 intelli·

361 5099 433 5162 genn.
449 5088 563 5143 Prorsus
577 5085 730 5140 inundatum
744 5083 830 5140 Patris
841 5084 892 5137 rita
905 5093 1004 5138 aterna
1014 5090 1065 5136 est.
1080 5081 1151 5151 Ergo

361 5182 516 5239 mandatum
538 5179 623 5234 Patris
646 5178 703 5249 ipse
718 5176 801 5232 Filius
817 5186 877 5242 εει,
902 5175 947 5246 qui
972 5174 1051 5230 bodie
1072 5182 1151 5228 uutos

361 5283 404 5327 εει
415 5290 422 5325 :
435 5271 587 5326 mandatum
611 5286 662 5323 nou
676 5283 690 5321 a
706 5277 825 5337 tempore
843 5265 951 5330 datum,
972 5264 1019 5320 sed
1043 5261 1152 5318 manda-

363 5376 419 5418 tum
444 5377 544 5417 tratum.
579 5362 692 5417 Exercet
714 5368 817 5414 mentes
838 5358 1009 5429 Euangeliom
1029 5356 1149 5420 loannis,

363 5455 437 5510 limat
457 5465 483 5509 et
502 5462 647 5518 excarnat,
671 5460 697 5506 nt
722 5451 755 5506 de
776 5451 831 5505 ilco
845 5466 897 5503 non
919 5449 1079 5511 carnaliter,
1104 5447 1150 5502 scd

363 5547 536 5614 spiritualiter
551 5546 695 5615 sapiamus.
717 5542 855 5599 Solliciant
869 5558 933 5612 ergo
955 5543 1021 5609 ista,
1044 5542 1150 5610 iratres,

362 5639 437 5695 rubis
453 5656 460 5693 :
477 5656 511 5694 ne
530 5638 556 5693 in
576 5637 740 5710 longitndine
759 5635 946 5708 disputationis
965 5635 1092 5706 subrepat
1108 5649 1153 5690 so·

363 5747 441 5789 mittis
461 5722 610 5787 ollllt'ltntis.

933 567 961 626 S.
983 562 1168 625 aucusitat
1187 561 1341 623 oetscont

1844 545 1848 551 '
1941 562 1993 621 ιιι

1452 676 1747 749 asumuntur).

1199 789 1238 844 De
1248 791 1328 845 cardia
1345 788 1477 860 Ereupelii
1489 791 1612 854 donnaus,
1629 791 1684 861 ligo
1698 806 1758 847 sunt
1770 791 1831 858 ria,
1844 800 1873 849 ιι
1887 793 1999 860 teritos.

1388 895 1415 936 et
1434 883 1497 936 rita.
1515 882 1579 952 Cup.
1593 898 1655 949 arv,
1676 883 1714 952 ι.
1730 884 1747 938 o
1761 883 1810 956 (b).

1246 990 1360 1048 catur
1393 992 1534 1047 nntnutt.
1557 1021 1593 1034 -
1619 994 1645 1047 l.
1671 991 1769 1049 Veritus
1796 1010 1812 1047 ιι
1838 994 1999 1065 pbilosophis

1199 1082 1275 1155 liujus
1298 1084 1383 1137 secun
1406 1083 1526 1147 inuento,
1552 1099 1603 1137 non
1629 1084 1680 1138 aio.
1701 1082 1772 1139 lntcr
1793 1093 1912 1150 oeten,
1937 1100 1992 1142 cutr

1199 1182 1321 1229 saucuun
1337 1173 1510 1243 Evangeliom
1523 1173 1666 1243 legeretur,
1682 1175 1795 1231 audistis
1808 1177 1881 1247 quod
1891 1178 1931 1231 ait
1943 1176 1988 1232 llo

1199 1264 1288 1319 miuus
1300 1263 1379 1318 lesus
1394 1281 1401 1318 :
1419 1262 1474 1334 lt'qo
1485 1265 1601 1330 suueuia,
1616 1274 1638 1317 et
1654 1265 1755 1330 ueritus,
1771 1276 1793 1320 et
1806 1267 1868 1320 nito.
1890 1266 1992 1321 Verita-

1200 1363 1254 1411 tem
1269 1365 1296 1411 et
1310 1358 1391 1412 vitam
1404 1358 1492 1411 omnis
1507 1356 1587 1411 borno
1598 1358 1670 1427 cupit
1685 1375 1691 1411 :
1706 1358 1753 1414 sed
1765 1359 1834 1413 siant
1844 1374 1897 1413 nou
1911 1358 1993 1415 omnia

1199 1446 1281 1501 bomo
1296 1447 1407 1502 inuenit.
1433 1446 1516 1501 ileum
1531 1463 1591 1503 esse
1603 1449 1746 1518 quamdam
1760 1451 1843 1505 vitam
1857 1460 1992 1518 mtcrttam,

1199 1538 1413 1622 immutabilem,
1432 1538 1644 1609 intelligibilem,
1663 1540 1872 1612 intelligentem,
1889 1542 1994 1612 sapien

1201 1638 1276 1696 tem,
1292 1628 1427 1697 sapientes
1440 1629 1601 1696 lacientctu,
1623 1631 1742 1685 nonrmlli
1756 1633 1837 1687 etiam
1853 1633 1936 1700 bttju
1947 1646 1995 1691 ιι·

1200 1719 1252 1775 culi
1267 1719 1417 1790 pltilosupbi
1433 1721 1565 1775 uiderunt.
1580 1719 1726 1778 Veritatem
1740 1723 1839 1790 lixam,
1859 1722 1996 1792 nubila,

1200 1810 1434 1874 indeclinabilem,
1464 1811 1507 1865 ubi
1538 1822 1600 1866 sunt
1625 1827 1719 1868 omncs
1752 1814 1869 1869 rationes
1906 1800 2013 1881 naun·

1200 1903 1318 1957 otuniont
1331 1910 1492 1968 creatarum,
1508 1903 1633 1958 viderunt
1650 1904 1768 1973 quitiam,
1784 1904 1832 1960 sed
1842 1905 1876 1960 dc
1893 1882 1998 1977 longiad

1200 2008 1273 2063 quo;
1297 1992 1440 2058 viderunt,
1463 1991 1510 2047 sed
1533 1994 1667 2047 inerrare
1690 1993 1767 2062 positi
1784 2005 1830 2050 :ct
1849 1994 1952 2051 idcirco
1965 1992 1999 2049 au

1200 2101 1258 2140 catu
1275 2096 1328 2141 tunt
1350 2102 1474 2156 magnam
1487 2094 1515 2141 et
1534 2086 1695 2141 inelluliilent
1716 2097 1743 2140 et
1763 2087 1915 2142 licutilicatn
1935 2101 1999 2156 pos⁴

1200 2179 1370 2245 sessionem,
1396 2193 1447 2247 qua
1462 2178 1503 2231 riu
1524 2178 1728 2248 perveniretur,
1752 2189 1805 2234 non
1827 2179 2000 2235 inuenerunt«

1201 2268 1267 2323 Nam
1283 2269 1345 2337 qnia
1366 2269 1491 2322 uiderunt
1510 2268 1591 2323 ctiam
1615 2268 1666 2338 ipsi
1690 2268 1836 2340 (quantum
1859 2269 1948 2325 sideri
1965 2268 2003 2325 ab

1201 2357 1308 2412 buruiue
1324 2356 1428 2429 potest)
1443 2367 1591 2412 creatorem
1604 2372 1652 2427 per
1668 2367 1838 2423 creaturam,
1863 2356 2000 2414 factorem

1203 2464 1249 2516 per
1258 2448 1397 2510 iuncturam,
1412 2447 1598 2502 fabricatorem
1610 2447 1701 2501 ruondi
1713 2463 1760 2516 per
1770 2447 1914 2516 monadum,
1927 2447 1999 2503 Pau*

1202 2536 1244 2591 los
1267 2536 1404 2606 apostolus
1427 2537 1501 2591 testis
1522 2544 1580 2604 εει,
1604 2536 1647 2590 eoi
1665 2536 1756 2606 utiquo
1775 2536 1875 2593 debent
1888 2536 2003 2593 croderr

1201 2626 1358 2682 Christiani.
1379 2627 1425 2682 Ait
1445 2626 1535 2693 enim,
1564 2642 1625 2685 cum
1646 2626 1796 2683 debilibus
1820 2627 2000 2698 loqueretur:

1201 2717 1337 2773 llerelotur
1359 2717 1397 2770 iro
1415 2715 1465 2771 Dei
1484 2718 1516 2772 de
1536 2714 1599 2772 roelo
1621 2733 1696 2789 super
1715 2734 1813 2772 omnem
1834 2718 2000 2789 impietaten·

1201 2808 1274 2874 lsta,
1297 2808 1366 2864 sicut
1379 2808 1589 2879 recognoscitis,
1607 2808 1680 2864 Pauli
1694 2808 1808 2879 apostoli
1827 2811 1910 2864 rerba
1927 2819 1998 2867 sunt.

1202 2899 1337 2956 llruelutrtr
1349 2901 1388 2955 iro
1405 2899 1453 2954 Dei
1472 2901 1580 2957 decula
1596 2918 1672 2972 caper
1693 2918 1791 2956 onerarent
1805 2903 1963 2971 impietatem
1974 2910 2000 2958 ιι

1202 2991 1353 3060 t'njttau'tiuut
1379 2991 1529 3058 leontinum,
1559 2993 1602 3061 qut'
1624 2993 1752 3046 ceritatem
1778 2994 1912 3062 iniquitute
1934 2993 1999 3048 deti·

1202 3092 1272 3135 narrt.
1295 3080 1429 3152 Numquid
1453 3082 1520 3137 dixit
1547 3097 1594 3137 eos
1611 3098 1664 3137 oon
1691 3085 1812 3139 detinere
1834 3078 2001 3141 veritatemi

1201 3171 1276 3237 Sed,
1291 3173 1418 3227 ueritatem
1430 3173 1456 3227 iu
1468 3173 1599 3242 iniquitute
1614 3174 1732 3228 ‹letinena
1755 3175 1857 3231 Bottntn
1872 3174 2001 3247 estquod

1202 3274 1296 3322 tenent
1313 3284 1319 3320 :
1336 3267 1383 3322 sed
1398 3267 1497 3322 malum
1511 3276 1552 3323 εει
1571 3268 1617 3322 obi
1631 3278 1731 3324 teuent.
1756 3267 1893 3325 Veritatem
1908 3271 1936 3326 in
1947 3271 1997 3327 irti-

1201 3358 1296 3428 qut'tote
1312 3358 1433 3413 detinent.

1236 3448 1350 3506 CAPUT
1365 3449 1396 3504 ll.
1407 3481 1443 3490 —
1460 3450 1489 3506 2.
1509 3449 1583 3507 Unde
1596 3452 1627 3506 ub
1640 3453 1691 3508 illia
1704 3454 1804 3508 inventu
1826 3456 1929 3511 aeritur.
1945 3454 1996 3513 (k-

1201 3540 1441 3604 enrrebatautem‚
1456 3550 1485 3594 ut
1495 3541 1627 3597 diceretur
1639 3543 1662 3597 ci
1680 3561 1686 3597 :
1701 3542 1779 3600 llttde
1794 3545 1832 3600 illi
1842 3546 1918 3616 impii
1931 3546 1999 3603 reri·

1203 3637 1282 3683 latent
1294 3628 1412 3683 detinent
1423 3631 1434 3682 ‘l
1446 3629 1581 3700 Numquid
1599 3631 1668 3686 ὓειιε
1682 3631 1716 3686 ad
1729 3649 1890 3704 quemquam
1905 3651 1998 3693 corun

1202 3720 1305 3774 loeutus
1318 3727 1359 3772 est
1371 3719 1382 3772 l
1393 3718 1525 3787 Numquid
1539 3720 1624 3788 legem
1638 3727 1816 3790 aeceperunt,
1831 3724 1902 3778 sicot
1914 3723 1998 3780 isne·

1202 3808 1307 3863 litarunt
1322 3808 1434 3877 pupulus
1449 3824 1495 3877 per
1505 3807 1633 3879 Moysen?
1647 3810 1722 3865 l'nde
1740 3826 1805 3881 ergo
1818 3811 1940 3869 detinent
1953 3829 1997 3871 re·

1202 3897 1325 3961 ritatem,
1342 3899 1384 3952 rel
1398 3898 1424 3953 iu
1438 3899 1495 3969 ipsa
1507 3899 1664 3968 iniquitate?
1678 3901 1774 3956 ΑιιιΙίιε
1784 3904 1855 3971 ιμιιιιι
1867 3905 1997 3975 sequitur,

1202 3999 1228 4041 et
1240 3987 1365 4041 ostendit.
1377 3999 1379 4002 ·
1392 3987 1459 4055 Quiu
1484 3989 1553 4057 quoti
1565 4001 1650 4042 trorum
1664 4004 1701 4044 εει
1716 3990 1763 4044 no·
1771 4033 1780 4057 ,
1802 3995 1903 4064 inquit,
1919 3998 1998 4049 morri-

1202 4080 1293 4148 [esum
1307 4086 1342 4131 εει
1356 4078 1381 4130 in
1396 4078 1468 4132 itus:
1484 4077 1550 4131 Perta
1564 4080 1631 4131 euim
1646 4079 1698 4134 r'llt'a
1713 4082 1893 4151 nrmdl'eatuuit.
1911 4083 1997 4138 liuni-

1203 4165 1300 4238 {eatueiae
1315 4166 1365 4220 illia
1379 4165 1473 4235 quibus
1489 4166 1572 4236 legem
1587 4183 1638 4221 non
1656 4168 1746 4222 dedit?
1771 4171 1840 4225 audi
1859 4170 1997 4242 quomodo

1202 4259 1379 4328 tironisertuer't.
1405 4256 1545 4313 lttcisibilin
1567 4261 1633 4313 euim
1647 4261 1720 4328 ejus,
1743 4279 1788 4332 per
1811 4280 1841 4316 eo
1854 4281 1913 4335 quoe
1931 4271 1998 4338 [ocu

1202 4362 1259 4406 suut
1272 4394 1279 4417 ,
1293 4352 1418 4406 intellectu
1432 4353 1629 4420 eutrapiciuntur.
1646 4353 1779 4424 interroga
1791 4357 1937 4423 ntundom,
1954 4373 1997 4413 or·

1203 4453 1292 4497 nutum
1321 4443 1399 4507 coeli,
1428 4443 1557 4513 fulgorem
1581 4443 1837 4517 ‹lispusitionemqnc
1858 4449 1996 4516 siderum,

1202 4535 1286 4588 sulem
1301 4534 1353 4590 diei
1367 4533 1560 4599 sullieientem,
1587 4536 1675 4591 lunam
1691 4539 1778 4592 noctis
1792 4539 1920 4596 solatium
1938 4542 1998 4597 :io-

1203 4637 1308 4698 tcrruga
1319 4639 1416 4683 terrant
1429 4628 1629 4683 fructificantem
1642 4629 1730 4684 berlais
1742 4641 1769 4685 ct
1784 4631 1882 4703 lignis,
1896 4636 1994 4688 attinia-

1203 4721 1272 4775 libus
1295 4722 1419 4790 plenam,
1447 4721 1600 4777 homiuibus
1623 4736 1778 4778 t·xttrttulttttt
1799 4726 1806 4757 ¹
1831 4744 1838 4780 :
1867 4727 1997 4797 interroga

1204 4832 1293 4879 utare,
1308 4815 1412 4884 qnatttis
1427 4824 1453 4868 ct
1468 4815 1591 4884 qualibus
1606 4817 1757 4870 natatilibus
1772 4819 1879 4885 pleuunt
1894 4837 1902 4876 :
1916 4820 2008 4875 lotch.

1203 4920 1265 4975 roga
1276 4921 1337 4961 acra
1348 4949 1356 4972 ,
1367 4905 1474 4973 quantis
1486 4906 1637 4960 volatilibus
1647 4908 1717 4977 riget
1732 4925 1737 4959 :
1752 4907 1888 4980 interroga
1899 4892 1998 4977 omnia,

1203 5007 1230 5049 et
1251 4995 1310 5051 tide
1328 4996 1349 5050 si
1373 5012 1425 5050 nou
1443 5010 1586 5051 sensusne
1601 5006 1725 5066 tanquam
1747 4998 1793 5053 tibi
1816 5000 1998 5067 respondent.

1204 5087 1275 5142 Deus
1288 5101 1338 5142 nos
1349 5086 1419 5143 lecit.
1432 5085 1494 5141 llaec
1502 5094 1531 5143 et
1542 5087 1693 5158 pbilosoplti
1704 5090 1808 5143 nulriles
1822 5093 1999 5160 quesierunt,

1204 5184 1231 5231 ει
1243 5191 1275 5231 ει
1290 5187 1347 5232 arte
1359 5176 1488 5232 artificem
1512 5186 1704 5247 cognorerunt.
1720 5177 1788 5246 Quid
1802 5180 1894 5250 ergo?
1919 5198 2000 5253 qttara

1204 5267 1336 5324 revelatur
1349 5268 1387 5322 ira
1398 5267 1444 5322 Dei
1459 5281 1540 5336 sttper
1550 5269 1633 5336 ipsum
1647 5269 1810 5337 impietatem
1826 5271 1837 5324 'l
1853 5270 1923 5337 Quia
1934 5275 2000 5328 reri·

1206 5358 1317 5413 lutearia
1332 5358 1462 5429 iniquitate
1471 5358 1600 5413 detinent?
1610 5358 1844 5423 Veniat,ostcttdnt
1854 5356 2000 5430 quomodo.

1205 5447 1264 5504 lant
1282 5449 1354 5504 etnim
1376 5448 1460 5515 dixit,
1489 5449 1624 5520 quomodo
1637 5462 1831 5520 cognorerunt.
1857 5454 2001 5510 latrabilis

1237 5581 1246 5612 ¹
1258 5579 1371 5642 clerique
1379 5586 1444 5639 ιιεε..
1452 5580 1479 5631 iu
1488 5578 1596 5631 cunibus
1606 5586 1755 5630 exornator.

1206 5642 1245 5752 lt·
1258 5642 1402 5690 tuneudatus
1411 5643 1441 5752 zo
1453 5651 1505 5693 tres
1515 5644 1557 5691 bo.
1568 5642 1598 5691 ad
1611 5641 1834 5705 quantummodo.
1849 5647 1890 5697 ob.
1903 5647 1921 5697 l.
1934 5646 1964 5701 is
1975 5663 2002 5714 q.

1231 5715 1282 5753 ,ει
1295 5716 1330 5763 pr.
1340 5717 1386 5751 rm.
1399 5717 1413 5751 v
1432 5739 1438 5751 .

1249 5765 1275 5824 o)
1286 5763 1355 5823 alias,
1368 5766 1400 5814 de
1412 5765 1498 5814 t'erbis·
1508 5764 1599 5814 bomini
1610 5765 1648 5814 aa.

1251 5825 1359 5896 btttuue,
1369 5840 1393 5888 op
1402 5828 1504 5883 ioatnor,
1512 5839 1651 5876 sennonem
1661 5833 1729 5877 notat
1739 5827 1859 5880 militis
1869 5843 1894 5879 ro
1906 5831 2003 5883 trrbmlt

1209 5892 1287 5954 roperto
1298 5886 1323 5944 ll,
1335 5888 1373 5936 bis
1384 5890 1481 5937 rot-bis:
1499 5894 1549 5935 «nx
1562 5886 1698 5950 oraatqtlio,
1719 5897 1831 5948 Εεεειειι
1848 5890 1898 5953 tr'u,
1916 5892 2004 5946 rariora

1212 5951 1255 5996 ιει
1265 5953 1321 6004 tuto,
1332 5961 1411 5995 seona
1422 5950 1517 5997 babitus
1527 5960 1581 5996 enm
1591 5949 1676 6008 errant
1686 5950 1906 6013 ingrederentur.»
1918 5960 2004 6006 ιοιυιιι

1209 6010 1263 6057 ιιιε
1274 6011 1401 6071 exscripsit
1411 6009 1493 6059 linens
1503 6011 1533 6059 ad
1544 6017 1607 6058 boot.
1623 6011 1644 6059 l.
