4759 6684
352 586 420 646 lilii

350 702 522 774 ignorabatis,
533 707 561 756 et
570 698 642 771 qnod
651 698 685 753 de
695 710 753 752 mett
766 694 949 750 urrunnnhate
962 701 988 747 et
999 691 1140 745 mimeca-

350 794 489 866 gnnvistis,
502 791 611 848 exhibui
623 808 630 845 t
642 799 672 844 at
681 799 708 844 et
721 802 769 858 pro
782 801 842 842 urea
855 799 948 841 sorore
963 795 1039 839 orare
1050 779 1143 850 (ιιςεε-

355 887 427 954 mini,
443 892 533 956 cipro
548 898 591 938 me
605 895 684 951 agero
698 880 752 934 ben
762 868 865 950 ¹erudas
881 878 929 947 (a).

564 971 678 1028 sentio
697 966 845 1025 cccxxiii
870 965 918 1037 ii).

463 1065 562 1116 babitus
572 1069 625 1126 post
636 1059 748 1111 libellum
763 1060 796 1108 de
807 1064 891 1108 sancto
898 1054 1026 1117 stephano.

386 1147 500 1204 CAPUT
519 1144 661 1202 Piilllllll.
673 1172 709 1183 -
723 1145 748 1197 l.
764 1139 903 1195 rnrennn
915 1134 1106 1216 imprecationes
1116 1131 1143 1185 itt

352 1238 435 1308 filios,
449 1253 525 1307 paam
538 1234 746 1307 reformidanda.
760 1228 942 1287 Misericordia
957 1225 1064 1296 quidem
1080 1221 1143 1284 bri,

353 1329 457 1393 iratres,
472 1328 542 1382 sicut
552 1326 714 1381 credundum
728 1333 779 1388 cst,
793 1335 887 1376 ourues
900 1318 943 1373 ‘uti
956 1316 1065 1378 iratres,
1076 1325 1144 1381 quos

353 1435 405 1475 uara
420 1421 464 1475 boi
480 1420 519 1475 ira
535 1429 653 1473 nraterna
666 1418 740 1486 pharga
755 1413 897 1485 percussit,
910 1410 943 1464 ad
957 1405 1079 1478 bajusde
1090 1415 1145 1474 qao

354 1512 509 1582 moderantis,
521 1508 679 1578 quandoque
690 1504 842 1578 peruenturi
854 1511 917 1558 tunt
926 1501 1079 1557 sanitatem.
1089 1494 1143 1551 Ve-

355 1611 505 1656 rumtamen
520 1599 623 1655 discant
639 1599 684 1653 iiiii
698 1597 819 1667 obsequi,
831 1597 942 1651 ιιιιιεεει
954 1599 1075 1662 parentes
1090 1588 1144 1642 ira·

354 1698 403 1746 sci.
414 1690 547 1758 Scriptum
557 1701 610 1755 est,
620 1688 765 1743 Benedictio
778 1687 857 1757 patria
867 1686 952 1753 firmat
962 1685 1063 1737 domum
1078 1677 1146 1747 filio·

354 1798 411 1834 ram
423 1795 432 1834 :
443 1779 584 1833 utalcdictio
594 1780 682 1833 oretria
693 1777 806 1832 medicat
818 1776 983 1847 {arariamcnta
995 1771 1092 1844 (lieth.
1103 1781 1144 1835 rit,

355 1872 412 1942 ll).
428 1870 506 1925 hiron
519 1870 563 1925 isti
578 1885 626 1940 per
640 1878 725 1925 terras
744 1868 771 1923 in
789 1865 968 1922 fundamentis
982 1863 1075 1933 pratriae
1089 1873 1145 1918 surr

355 1979 408 2018 nnn
426 1972 506 2018 stau:
519 1964 639 2032 praebuit
660 1962 760 2031 ubiqne
777 1961 976 2030 apemaculnm,
993 1963 1146 2026 proportant

356 2068 433 2111 strum
453 2051 628 2125 supplicium
650 2053 769 2122 praebent
792 2050 876 2106 oculis
898 2049 1033 2104 iniseriam
1058 2058 1144 2109 suam,

355 2155 457 2201 torrent
476 2144 628 2216 superbiam
648 2145 772 2200 alienam.
788 2142 886 2198 Discite
917 2141 981 2207 hlii,
997 2138 1067 2210 quud
1082 2137 1147 2194 dicit

354 2221 502 2307 Scriptura,
516 2236 629 2292 redlere
642 2234 772 2291 bonorem
785 2232 939 2304 parerttibus
953 2233 1081 2288 debitum.
1092 2228 1146 2285 Sed

355 2340 383 2381 ct
403 2341 460 2391 ros,
482 2335 615 2395 ρεεεειεε,
636 2323 742 2393 neurada
763 2323 939 2387 oherrdinrini,
955 2333 1080 2391 parentes
1096 2333 1145 2375 rus

355 2433 416 2474 esse
426 2417 612 2472 recordamini.
624 2415 717 2472 Orarit
729 2424 814 2470 ntater
823 2423 915 2470 curura
928 2413 1008 2477 itlius,
1018 2410 1147 2467 exaudita

355 2517 416 2569 esta
437 2508 497 2577 qnia
518 2507 588 2561 Deus
607 2522 671 2561 vere
690 2505 777 2574 justus
797 2513 855 2570 est,
869 2505 929 2573 quia
945 2518 1006 2557 rere
1022 2502 1146 2571 injuriam

357 2611 434 2666 passa
447 2595 543 2650 luerat.
558 2594 633 2651 Urius
647 2594 765 2664 ipsorum
777 2603 804 2647 ει
818 2593 900 2648 uerba
914 2592 1106 2646 contumeliosa
1119 2598 1148 2644 et

357 2686 610 2758 ruannsinjccera13
627 2695 654 2740 et
667 2685 757 2741 caeteri
770 2686 862 2739 nutris
877 2684 1001 2755 injuriam
1017 2682 1148 2753 patienter

358 2779 485 2844 tulerunt,
506 2792 556 2832 nec
577 2791 657 2831 unum
677 2792 724 2847 pro
744 2791 775 2832 ea
795 2775 905 2830 uerbum
925 2785 1017 2829 contra
1039 2775 1148 2829 lratrctn

357 2868 561 2939 respmrtalcrunt.
580 2867 671 2923 lustras
694 2866 763 2922 Deus
788 2866 832 2936 qui
852 2863 953 2919 audiuit
976 2870 1146 2933 precantem,

357 2961 456 3015 audiuit
471 2960 615 3015 dolentem.
628 2957 681 3015 Sed
694 2957 757 3028 quid
777 2957 820 3012 iha
841 2955 957 3011 misera?
969 2954 1063 3011 Notitae
1078 2953 1149 3009 undo

357 3054 436 3107 citius
450 3051 591 3116 εεεειιιιε,
608 3049 669 3106 inde
684 3050 743 3119 plus
757 3048 866 3119 patriani
881 3047 981 3102 hiscite
993 3048 1044 3102 hoo
1058 3054 1149 3117 petere

358 3160 374 3198 a
388 3146 452 3206 lieo,
466 3143 512 3198 ubi
526 3160 579 3198 raon
594 3143 707 3198 timeatis
721 3141 850 3198 exaudiri.

394 3235 506 3292 CAPUT
526 3235 558 3290 ll.
574 3266 611 3277 -
624 3235 651 3289 ι.
667 3233 772 3290 Sonitua
786 3233 884 3287 dachar
898 3232 1019 3304 {ratribus
1034 3246 1084 3285 nou
1097 3230 1148 3283 iut-

358 3336 457 3397 petrata
469 3327 595 3390 hacona,
608 3336 635 3378 at
648 3326 679 3378 iis
694 3323 814 3394 liippoue
828 3322 1013 3377 coracederctar.
1024 3319 1151 3375 trenna

359 3418 484 3488 Stephani
501 3434 551 3488 aaa
569 3417 700 3471 εεεεειεικ
721 3415 789 3486 apud
806 3414 937 3468 Anconam
958 3423 1016 3467 ante
1037 3413 1151 3482 corporis

359 3510 415 3581 ejas
428 3509 590 3561 detectionem
604 3515 741 3561 marucia.
752 3505 806 3560 Nos
818 3513 917 3567 autem,
930 3503 1035 3567 iratres,
1046 3514 1151 3575 saraca·

360 3615 419 3654 tuus
433 3599 546 3653 bomine
560 3598 617 3652 Deo
631 3606 723 3651 nostro
741 3596 839 3666 gratias
857 3596 957 3650 rcierre
977 3609 1026 3664 pro
1047 3594 1093 3648 iilo
1104 3595 1150 3665 nui

360 3699 469 3744 sumtus
487 3697 546 3751 est,
560 3697 586 3742 et
607 3701 656 3757 pro
675 3685 720 3741 illa
742 3701 801 3757 quae
819 3684 906 3739 adbuc
928 3692 1043 3751 tenetur,
1057 3698 1151 3754 preces

360 3782 512 3837 ιειιιιειειιε,
525 3780 716 3836 benedicamus
730 3780 825 3844 beorn,
842 3779 904 3848 quia
924 3777 1019 3846 dignos
1035 3792 1084 3831 nos
1102 3777 1151 3831 ba·

360 3872 429 3940 buit,
444 3882 473 3929 ut
489 3872 541 3927 boc
553 3871 714 3927 rideremus.
730 3869 798 3935 Quid
812 3868 884 3923 euim
903 3880 1006 3931 saturus,
1026 3867 1087 3938 quia
1102 3882 1152 3938 epo

360 3965 469 4034 apparui
490 3964 549 4018 istis
568 3960 707 4016 irescicns?
721 3957 759 4013 llli
772 3960 843 4014 euim
856 3973 900 4013 rue
915 3957 1049 4026 ridebunt,
1063 3969 1091 4014 et
1101 3975 1152 4030 epo

361 4058 512 4110 nesciobam
527 4071 533 4105 :
548 4063 574 4107 ct
586 4052 798 4107 admouebantur
818 4060 846 4106 ut
866 4052 900 4106 ad
918 4052 996 4107 istam
1017 4052 1152 4108 ciuitatem

361 4147 493 4205 uertircnt.
504 4145 569 4213 Quis
581 4161 639 4200 suan
652 4143 720 4214 egoi
734 4143 818 4199 llomu
836 4159 896 4200 sum
915 4158 984 4199 unus
997 4144 1031 4200 de
1044 4143 1151 4211 inultis,

363 4256 416 4296 nnn
430 4238 464 4293 de
483 4238 595 4309 nragrris.
610 4237 645 4292 lit
662 4252 742 4302 uere,
761 4247 789 4293 ut
809 4237 900 4292 audiat
911 4211 1034 4294 Citarilas
1051 4248 1152 4310 vesua,

363 4333 475 4384 multum
500 4328 594 4395 miror,
617 4336 645 4384 ct
669 4327 771 4399 gaudeo
794 4327 870 4382 nobis
891 4342 953 4384 esse
973 4343 1153 4389 concessum:

363 4423 488 4493 qnoniam
510 4420 560 4477 iste
581 4420 661 4475 bomo
681 4436 731 4476 nec
743 4422 860 4477 bucone
876 4421 964 4476 curari
983 4422 1084 4492 potuit;
1100 4423 1154 4481 imo

364 4515 459 4584 patuit,
471 4516 517 4570 sed
533 4522 639 4582 prepter
653 4528 703 4570 nos
715 4510 814 4569 lacteam
829 4526 880 4567 non
894 4520 944 4579 est,
956 4514 1017 4583 quia
1029 4514 1155 4571 facillimo

363 4605 422 4660 heri
438 4605 531 4673 potuit.
547 4603 640 4659 Sciunt
660 4604 732 4659 enirn
753 4589 828 4659 mailli
848 4611 949 4674 quanta
965 4606 1092 4661 miracula
1107 4621 1156 4678 per

364 4697 546 4752 beatissimum
569 4704 713 4766 martyrem
736 4695 900 4765 Stephanum
923 4697 950 4752 in
973 4695 1024 4752 bu
1048 4697 1155 4754 civitate

364 4786 437 4841 barn.
453 4787 485 4842 Et
498 4785 588 4841 audite
605 4785 676 4856 quod
693 4785 825 4841 miremini
842 4789 992 4843 :memoria
1010 4788 1067 4859 eins
1084 4789 1153 4843 anti-

364 4894 415 4948 nua
431 4878 466 4932 ibi
481 4886 549 4942 erat,
565 4887 592 4933 et
606 4879 663 4948 ipsa
680 4886 722 4933 est
737 4879 782 4934 ibi.
794 4879 846 4935 Sed
860 4880 972 4937 lormsse
985 4881 1052 4936 dicis
1065 4899 1072 4936 t
1085 4881 1154 4936 Cor·

365 4985 414 5041 pus
424 4970 482 5040 ejus
492 4971 608 5025 arandam
621 4980 790 5041 apparuerat,
805 4975 932 5027 memoria
947 4973 982 5028 ibi
998 4973 1068 5030 unde
1080 4975 1156 5030 eratl

365 5063 441 5117 Latet
451 5061 558 5132 quidem
572 5077 652 5118 cansa
665 5063 729 5118 :scd
739 5062 803 5134 quid
816 5063 849 5117 ad
863 5078 912 5118 nos
925 5064 995 5119 lama
1006 5065 1154 5135 pertulerit,

366 5167 418 5205 non
435 5153 529 5207 tacebo
538 5151 666 5209 Citaritati
679 5163 783 5209 vestm.
795 5153 907 5221 Quande
918 5154 1084 5224 lapidabatur
1095 5170 1157 5212 san·

363 5255 423 5299 ctus
440 5243 601 5314 Stephanus,
616 5245 698 5316 aliqui
718 5247 799 5302 etiam
821 5247 987 5314 innocentes,
1002 5257 1028 5303 ct
1040 5248 1158 5306 maxime

365 5335 399 5390 de
420 5336 453 5390 iis
471 5336 516 5406 qui
533 5335 590 5406 inm
612 5337 639 5392 in
653 5334 788 5393 Christum
806 5339 986 5407 crediderant,
999 5340 1157 5396 circumsta-

366 5425 430 5479 bant
445 5424 562 5481 :dicitur
577 5426 645 5496 lapis
665 5428 770 5485 venisse
792 5429 818 5484 ia
841 5430 971 5496 cubitum,
987 5440 1015 5486 et
1028 5445 1159 5491 exeamus

367 5515 429 5572 inde
445 5516 551 5575 uenisse
566 5529 629 5574 ante
647 5519 789 5591 quemdam
809 5521 973 5592 religiosum.
985 5521 1057 5578 Tulit
1070 5523 1155 5591 illum,

366 5616 394 5660 ct
412 5608 538 5662 serrant.
550 5607 636 5665 homo
647 5620 707 5666 orat
720 5611 756 5667 de
768 5611 962 5682 mergentibus,
976 5627 1037 5669 sors
1049 5614 1157 5686 sarma-

367 5695 449 5751 tionit
462 5697 551 5755 attulit
562 5698 635 5754 illum
648 5700 682 5755 ad
697 5700 771 5755 litttu
781 5702 909 5770 hacona,
921 5714 949 5760 et
959 5706 1104 5761 revelatum
1115 5714 1159 5763 est

366 5783 405 5841 illi
420 5785 455 5842 ibi
470 5786 569 5846 ιιειεεεε
583 5790 675 5862 reponi
696 5791 809 5863 lapidem
825 5794 908 5854 illum
923 5796 971 5853 llic
982 5795 1101 5854 obedivit
1113 5811 1158 5857 re·

397 5942 911 6069 irtreuaeaeuur

509 6039 517 6069 ‚
726 6045 732 6057 .

1003 571 1116 632 senhb
1132 568 1295 628 CCCXXll'.

1900 582 1904 586 ’
1921 569 1988 627 ltro

1197 683 1332 752 relationi,
1343 692 1370 738 ει
1383 680 1447 737 lecit
1457 680 1527 752 qaod
1538 680 1642 752 iussum
1655 689 1698 738 est
1709 700 1717 738 r
1729 696 1763 738 ea
1778 682 1915 753 tuocapit
1925 694 1988 747 can

1197 776 1233 831 ibi
1248 775 1375 831 mentoria
1390 775 1474 830 sancti
1485 774 1622 844 Stephani,
1635 785 1663 831 et
1674 790 1767 830 mmor
1778 784 1836 831 erat
1847 778 1908 847 quia
1921 761 1997 833 bra·⁴

1197 866 1287 922 citium
1302 868 1386 921 carneti
1397 865 1526 936 Stephani
1539 866 1573 921 ibi
1586 875 1637 933 est,
1647 864 1827 922 nescientibus
1837 864 1988 926 hominihn

1198 958 1261 1028 naid
1281 959 1445 1030 contigisset
1462 957 1561 1014 Verum
1576 967 1665 1014 autem
1680 958 1836 1029 iniungitur
1849 970 1989 1029 propterea

1199 1049 1234 1104 ibi
1256 1048 1338 1104 luisse
1360 1049 1518 1116 revelatum,
1533 1059 1562 1103 ut
1581 1049 1616 1104 ibi
1638 1061 1748 1120 portast
1767 1050 1881 1120 lapidem
1896 1053 1940 1121 nui
1955 1051 1990 1108 tls

1199 1139 1289 1194 εειιιε
1311 1140 1433 1212 llartpris
1455 1154 1584 1195 exmssus
1605 1141 1738 1212 est,·quia
1761 1156 1847 1210 grace
1869 1143 1989 1199 cubitum

1198 1234 1275 1298 epar
1288 1231 1395 1286 dicitur.
1409 1230 1461 1286 Sei
1475 1231 1520 1301 qui
1541 1231 1627 1286 sciam
1642 1246 1700 1302 mrsu
1715 1232 1751 1286 ibi
1769 1232 1894 1288 niluteula
1915 1233 1990 1304 deant,

1199 1322 1249 1391 ipsi
1261 1337 1310 1376 nos
1320 1321 1444 1377 doceant.
1454 1322 1511 1377 Noa
1522 1323 1557 1377 ibi
1568 1333 1708 1393 coperiant
1718 1323 1774 1378 lieri
1788 1323 1837 1379 ista
1850 1326 1988 1392 enimenta,

1199 1415 1251 1469 n'tsi
1278 1425 1451 1484 permantum
1475 1429 1573 1484 cnrpm
1596 1415 1681 1470 soracti
1705 1416 1832 1485 Stephani
1857 1417 1988 1487 apparuit.

1199 1505 1270 1561 Eece
1284 1505 1319 1561 ibi
1335 1521 1387 1560 aton
1402 1515 1443 1561 est
1455 1517 1562 1562 curatus
1576 1507 1626 1562 istc
1637 1507 1753 1577 juvenis,
1769 1518 1797 1562 ut
1812 1511 1910 1563 εεειειε
1922 1525 1990 1565 oeu-

1199 1598 1232 1653 lis
1245 1610 1406 1654 servaretur.

1234 1692 1262 1746 a.
1283 1690 1322 1745 lle
1343 1691 1472 1745 mascalia
1486 1692 1556 1763 apud
1571 1690 1672 1747 barn
1683 1693 1767 1760 [εειιε.
1789 1693 1866 1763 spnd
1886 1693 1988 1752 Uzalim

1199 1781 1245 1837 ubi
1257 1791 1297 1838 est
1311 1783 1452 1853 episeopus
1465 1782 1546 1837 irater
1561 1799 1637 1837 meas
1651 1784 1783 1849 Erodius,
1801 1793 1897 1854 qrtanbr
1910 1787 1988 1840 mira·

1199 1873 1259 1929 cula
1271 1874 1307 1929 ibi
1321 1876 1384 1929 liant
1397 1875 1524 1944 qrtaerite,
1537 1884 1564 1929 et
1578 1875 1728 1929 inuenietis.
1743 1876 1990 1931 Pru-termisslsau·

1199 1973 1254 2022 ιεεε
1266 1966 1342 2031 aliis,
1358 1965 1446 2021 iudico
1458 1965 1534 2021 robis
1550 1981 1632 2021 anaim
1647 1967 1717 2036 rpuod
1731 1967 1766 2021 ibi
1779 1967 1875 2022 tenni
1889 1976 1946 2035 εει,
1962 1977 1992 2024 at

1200 2055 1418 2125 rideatisnuanta
1432 2056 1467 2110 sit
1479 2055 1514 2110 ibi
1528 2057 1668 2124 praeserrtia
1679 2056 1835 2125 majestatis.

1235 2146 1350 2202 carba
1372 2146 1416 2200 lll.
1437 2176 1475 2188 -
1493 2146 1588 2201 liulier
1610 2146 1730 2216 quadmn
1752 2146 1840 2202 sarbito
1863 2158 1991 2218 agrotum

1201 2237 1298 2300 lilium,
1313 2239 1356 2294 cai
1370 2253 1526 2293 staocurrere
1539 2237 1689 2292 festinando
1707 2253 1761 2293 nnn
1779 2241 1877 2306 potuit,
1889 2239 1914 2294 in
1928 2252 1991 2306 prs·

1200 2329 1255 2383 mio
1272 2341 1322 2382 suo
1339 2328 1560 2382 miccltumenum
1573 2326 1662 2381 amisit
1675 2340 1682 2380 τ
1695 2342 1755 2396 aaa·
1773 2326 1906 2392 claruaus,
1923 2328 1994 2385 llor-

1202 2431 1263 2475 tuus
1276 2429 1334 2484 est,
1349 2420 1451 2489 inquit,
1465 2419 1534 2473 lilius
1548 2433 1623 2472 meas
1637 2418 1854 2473 cateclnrmcnus.

1237 2511 1264 2565 l.
1285 2509 1381 2582 Populi
1395 2512 1492 2564 elamor
1502 2526 1535 2564 ee
1547 2509 1629 2562 salita
1639 2512 1769 2564 caradone
1778 2510 1871 2581 paelice
1880 2523 1992 2570 exortu.

1202 2601 1234 2656 Et
1249 2616 1310 2655 curn
1325 2602 1381 2655 haec
1391 2601 1493 2656 diceret
1506 2601 1684 2670 Augustinus,
1698 2602 1992 2671 populasdemcruoria

1202 2691 1285 2745 εεεειι
1305 2689 1432 2760 Stephani
1444 2693 1561 2746 clamare
1573 2693 1671 2760 caepit,
1684 2691 1739 2747 lieo
1757 2694 1871 2761 gratias!
1887 2694 1994 2751 Cirristo

1203 2781 1311 2836 landes!
1324 2781 1352 2836 lu
1372 2797 1426 2851 qun
1444 2783 1571 2837 coratinuo
1582 2784 1712 2845 ciamare,
1728 2784 1816 2854 puella
1829 2801 1890 2853 nau
1901 2794 1993 2841 curata
2034 2790 2038 2797 '

1202 2873 1291 2927 estad
1311 2872 1431 2928 absidam
1445 2873 1571 2943 perducta
1585 2883 1637 2929 est.
1651 2874 1707 2941 Qua
1721 2876 1794 2942 risa,
1807 2877 1920 2946 pipntns
1931 2863 1993 2936 caat

1202 2963 1300 3033 gaudio
1321 2972 1348 3018 ει
1368 2962 1447 3027 beto,
1462 2963 1540 3018 trullis
1561 2963 1726 3033 interpositis
1745 2966 1930 3033 sermonibus,
1944 2966 1992 3022 sed

1203 3056 1262 3108 εειε
1280 3054 1392 3124 strepitu
1415 3053 1589 3123 interposito,
1603 3055 1755 3124 aliquandiu
1769 3055 1914 3111 clamorem
1931 3071 1994 3125 pro·

1203 3146 1283 3201 traxit
1295 3163 1302 3198 ε
1314 3153 1341 3199 ει
1357 3144 1464 3199 silentio
1477 3144 1563 3209 lacto,
1579 3146 1742 3215 uagantibus
1756 3146 1993 3216 episcopusdixit,

1203 3235 1337 3305 Scriptum
1357 3245 1399 3291 est
1420 3236 1448 3290 iu
1471 3236 1595 3302 Psalmo,
1612 3236 1689 3304 bini,
1705 3236 1846 3307 Proloqatar
1863 3242 1995 3294 casurus

1203 3344 1244 3382 me
1255 3329 1373 3381 deletam
1385 3343 1468 3381 meam
1479 3327 1588 3381 ὒειιιιιιε
1601 3327 1656 3382 ben
1665 3344 1720 3383 meo
1730 3369 1737 3393 ,
1749 3338 1772 3382 et
1784 3338 1811 3383 ιιι
1820 3330 1937 3382 diutisirti
1946 3329 1996 3385 irr-

1204 3422 1321 3490 pietuteut
1333 3421 1418 3475 cordia
1431 3421 1480 3474 mei
1493 3418 1577 3489 (Paul.
1591 3437 1674 3487 mr,
1688 3419 1726 3492 5).
1742 3420 1818 3486 brai,
1834 3420 1996 3492 Proloquere

1204 3513 1322 3568 nondum
1332 3513 1485 3580 prolocutus
1501 3527 1560 3566 sum
1572 3528 1579 3565 t
1590 3510 1665 3576 Diui,
1681 3510 1833 3577 Proloaaar,
1847 3522 1869 3567 et
1881 3523 1907 3566 ta
1920 3513 1997 3568 dirui-

1203 3605 1269 3659 airti.
1291 3601 1481 3656 commendavi
1503 3601 1580 3654 istam
1601 3603 1743 3664 nriseram,
1760 3603 1813 3657 imo
1832 3619 1863 3656 ex
1879 3604 1993 3670 misera,

1204 3689 1389 3746 commendaui
1413 3703 1471 3743 carn
1494 3688 1589 3742 restris
1610 3690 1785 3744 orationibus.
1812 3691 1996 3760 Disposuiruus

1205 3794 1298 3843 orare,
1310 3785 1338 3833 et
1356 3777 1472 3832 exauditi
1484 3791 1586 3831 santus.
1600 3777 1640 3832 Sit
1652 3778 1776 3848 gaudium
1792 3789 1910 3835 nostrum
1926 3783 1997 3838 actio

1205 3869 1361 3941 gratiarum.
1377 3865 1461 3922 Citius
1474 3865 1597 3922 exattdita
1610 3877 1653 3922 est
1672 3877 1757 3925 mater
1769 3870 1901 3935 Ecclesia,
1916 3886 1996 3942 apuam
2012 3882 2017 3890 ’

1207 3961 1233 4016 in
1248 3959 1392 4030 perniciem
1404 3957 1543 4014 maledieta
1556 3966 1641 4013 mater
1652 3958 1706 4013 illa.
1721 3961 1848 4016 corruersi
1861 3963 1894 4016 ad
1908 3961 1997 4017 Dorul-

1206 4065 1288 4117 trutn,
1302 4058 1354 4106 cte.

1436 4139 1551 4196 senato
1561 4140 1767 4212 cccxxiiii).

1209 4233 1266 4303 Quo
1279 4233 1435 4306 capannas
1454 4239 1562 4304 complet
1574 4244 1671 4304 partem
1688 4239 1810 4291 sermonis
1824 4251 1884 4291 utos
1896 4252 1995 4309 prece·

1418 4323 1498 4378 dentis
1507 4325 1629 4377 miraculo
1642 4325 1785 4397 interrupti.

1244 4413 1398 4469 lliracuhun
1410 4414 1480 4484 apud
1499 4413 1598 4470 llaalim
1619 4419 1723 4486 [actum.
1748 4414 1862 4474 Parvula
1883 4418 1999 4476 auteu-

1208 4505 1327 4575 priamum
1348 4505 1456 4558 εειιιειε
1477 4510 1528 4557 uita
1541 4504 1650 4567 reddita,
1667 4513 1694 4558 ut
1708 4518 1867 4562 sacramenta
1881 4509 1998 4580 percipe-

1207 4607 1255 4651 ret.
1268 4596 1352 4651 llebet
1365 4610 1380 4649 a
1391 4594 1468 4649 nobis
1482 4594 1623 4650 hesternus
1635 4610 1723 4650 sermo
1737 4598 1927 4669 compleriqui
1942 4614 2001 4654 ma·

1206 4687 1258 4759 jori
1271 4688 1435 4755 interruptus
1447 4694 1488 4741 est
1500 4686 1606 4757 gaudio.
1621 4688 1771 4741 statueram
1786 4688 1857 4743 enim
1873 4697 1900 4744 et
1909 4704 2001 4759 εειεε·

1208 4794 1265 4834 ram
1280 4777 1350 4847 loqui
1365 4775 1493 4831 charitati
1513 4787 1623 4841 vestrae,
1642 4791 1724 4848 quare
1743 4777 1808 4834 mihi
1821 4778 1943 4833 uidentur
1956 4778 2001 4835 isti

1210 4871 1306 4926 iratres
1319 4867 1407 4924 diuina
1422 4867 1580 4923 anctoritate
1598 4868 1631 4922 ad
1651 4869 1720 4923 liano
1739 4869 1872 4924 ciuitatem
1886 4884 1946 4926 osse
1958 4866 2001 4924 di·

1209 4961 1292 5027 recti,
1308 4970 1337 5015 nt
1349 4961 1391 5015 bic
1405 4961 1431 5014 in
1452 4960 1492 5015 eis
1511 4958 1556 5014 diu
1575 4968 1664 5030 optata
1683 4969 1710 5015 et
1729 4969 1881 5029 exspectata
1901 4962 2002 5016 sanitas

1209 5053 1373 5123 impleretur.
1387 5052 1419 5106 Et
1434 5050 1486 5105 boc
1497 5051 1590 5105 uolens
1606 5050 1711 5116 dicere,
1725 5051 1799 5119 prius
1810 5051 2001 5108 cummendare
2098 5090 2101 5095 -

1210 5157 1344 5214 creperum
1358 5140 1487 5195 charitati
1499 5150 1594 5194 nestrae
1604 5140 1661 5194 inca
1672 5148 1780 5206 εεεειε,
1795 5142 1822 5194 in
1837 5142 1933 5210 qtribus
1947 5156 2000 5196 nou

1211 5244 1273 5291 sant
1292 5233 1393 5299 sanati,
1408 5240 1435 5286 ει
1449 5230 1482 5287 ad
1498 5243 1546 5286 nos
1567 5229 1629 5285 inde
1650 5238 1712 5284 sant
1726 5228 1832 5287 directi.
1850 5232 1884 5286 lit
1902 5231 1955 5286 dixi
1967 5231 2002 5290 de
2031 5252 2033 5256 ·

1211 5328 1320 5382 hrteona
1333 5323 1439 5379 ciuitate
1450 5322 1532 5378 tutis
1543 5340 1550 5377 a
1562 5334 1697 5392 coeperarn
1711 5321 1746 5377 de
1762 5321 1836 5379 Uzali
1845 5323 1952 5378 civitate
1961 5322 2004 5380 di·

1211 5434 1289 5486 oere,
1304 5410 1364 5488 qua
1385 5424 1426 5472 est
1449 5416 1475 5471 in
1495 5414 1584 5470 hirica
1601 5414 1775 5488 (episcopum
1790 5413 1872 5473 habet
1894 5416 2002 5471 tratrem

1211 5524 1319 5575 neunt,
1332 5523 1412 5580 quem
1428 5507 1530 5573 nostis,
1545 5506 1704 5579 brodium),
1717 5509 1779 5579 quia
1790 5520 1817 5563 et
1830 5507 1863 5562 ad
1874 5507 1947 5562 illam
1960 5506 2003 5564 ei·

1212 5607 1321 5663 uitatem
1335 5616 1382 5659 eos
1395 5602 1496 5664 uenire.
1512 5600 1580 5658 lanta
1591 5601 1710 5672 eiusdem
1721 5601 1845 5673 martyris
1854 5610 1881 5658 et
1891 5611 2004 5670 operata

1212 5698 1270 5770 ejus
1282 5693 1465 5766 compulisset.
1484 5691 1542 5748 Non
1562 5700 1603 5748 est
1617 5692 1671 5748 illic
1683 5692 1774 5748 datum
1786 5691 1856 5764 qnod
1877 5691 1936 5748 dari
1953 5705 2006 5764 ps·

1213 5789 1274 5854 tuit,
1284 5795 1314 5843 ut
1326 5784 1370 5842 iate
1382 5783 1490 5840 daretur
1504 5781 1547 5839 ubi
1559 5782 1617 5840 dari
1627 5782 1728 5839 debuit.
1741 5782 1807 5840 Cum
1821 5794 1911 5842 autem
1919 5796 2002 5855 opera

1212 5879 1301 5937 divina
1316 5889 1365 5949 per
1379 5881 1500 5930 maetam
1513 5871 1655 5946 humero
1664 5887 1876 5931 commemorare
1887 5874 2004 5932 ιεειιια

1247 6010 1285 6075 (ιι)
1296 6010 1366 6071 alias,
1376 6005 1408 6056 dr
1420 6005 1523 6056 bltcrslt
1530 6003 1570 6053 58.
