<?xml version="1.0" encoding="UTF-8"?>
<!DOCTYPE html PUBLIC "-//W3C//DTD XHTML 1.0 Transitional//EN"
    "http://www.w3.org/TR/xhtml1/DTD/xhtml1-transitional.dtd">
<html xmlns="http://www.w3.org/1999/xhtml" xml:lang="en" lang="en">
 <head>
  <title>
</title>
<meta http-equiv="Content-Type" content="text/html;charset=utf-8" />
  <meta name='ocr-system' content='tesseract 3.04.00' />
  <meta name='ocr-capabilities' content='ocr_page ocr_carea ocr_par ocr_line ocrx_word'/>
</head>
<body>
  <div class='ocr_page' id='page_1' title='image "./patrologiaecurs09goog/patrologiaecurs09goog_0539.png"; bbox 0 0 4759 6684; ppageno 0'>
   <div class='ocr_carea' id='block_1_1' title="bbox 343 605 1161 2781">
    <p class='ocr_par' dir='ltr' id='par_1_1' title="bbox 343 605 1155 878">
     <span class='ocr_line' id='line_1_1' title="bbox 343 605 436 661; baseline -0.032 1"><span class='ocrx_word' id='word_1_1' title='bbox 343 646 347 651; x_wconf 90' lang='lat'>-</span> <span class='ocrx_word' id='word_1_2' title='bbox 367 605 436 661; x_wconf 78' lang='lat' dir='ltr'><strong>tots</strong></span> 
     </span>
     <span class='ocr_line' id='line_1_2' title="bbox 365 693 1150 782; baseline -0.037 -8"><span class='ocrx_word' id='word_1_3' title='bbox 365 716 454 778; x_wconf 78' lang='lat' dir='ltr'><strong>rituali</strong></span> <span class='ocrx_word' id='word_1_4' title='bbox 469 712 563 778; x_wconf 86' lang='lat' dir='ltr'><strong>saluti,</strong></span> <span class='ocrx_word' id='word_1_5' title='bbox 577 701 849 782; x_wconf 76' lang='lat' dir='ltr'><strong>quidquid-corporali</strong></span> <span class='ocrx_word' id='word_1_6' title='bbox 868 699 997 754; x_wconf 80' lang='grc' dir='ltr'><strong>ιιιίιιιιιιιιιΙ</strong></span> <span class='ocrx_word' id='word_1_7' title='bbox 1013 693 1150 763; x_wconf 80' lang='lat' dir='ltr'><strong>uoluptati.</strong></span> 
     </span>
     <span class='ocr_line' id='line_1_3' title="bbox 365 785 1155 878; baseline -0.034 -13"><span class='ocrx_word' id='word_1_8' title='bbox 365 808 483 878; x_wconf 83' lang='lat' dir='ltr'><strong>ideoque</strong></span> <span class='ocrx_word' id='word_1_9' title='bbox 502 802 649 861; x_wconf 80' lang='lat' dir='ltr'><strong>cauendum</strong></span> <span class='ocrx_word' id='word_1_10' title='bbox 664 808 721 866; x_wconf 88' lang='lat' dir='ltr'><strong>est,</strong></span> <span class='ocrx_word' id='word_1_11' title='bbox 744 811 777 851; x_wconf 87' lang='lat' dir='ltr'><strong>ue</strong></span> <span class='ocrx_word' id='word_1_12' title='bbox 798 793 929 865; x_wconf 85' lang='lat' dir='ltr'><strong>pretiosas</strong></span> <span class='ocrx_word' id='word_1_13' title='bbox 948 802 1024 845; x_wconf 84' lang='lat' dir='ltr'><strong>escas</strong></span> <span class='ocrx_word' id='word_1_14' title='bbox 1043 785 1085 842; x_wconf 84' lang='lat' dir='ltr'><strong>rel</strong></span> <span class='ocrx_word' id='word_1_15' title='bbox 1106 800 1155 856; x_wconf 93' lang='lat' dir='ltr'><strong>pro</strong></span> 
     </span>
    </p>

    <p class='ocr_par' dir='ltr' id='par_1_2' title="bbox 344 870 1161 2781">
     <span class='ocr_line' id='line_1_4' title="bbox 344 870 1155 964; baseline -0.036 -5"><span class='ocrx_word' id='word_1_16' title='bbox 344 901 428 957; x_wconf 83' lang='lat' dir='ltr'><strong>-aliis</strong></span> <span class='ocrx_word' id='word_1_17' title='bbox 439 900 516 964; x_wconf 86' lang='lat' dir='ltr'><strong>alias,</strong></span> <span class='ocrx_word' id='word_1_18' title='bbox 532 897 573 951; x_wconf 85' lang='lat' dir='ltr'><strong>vet</strong></span> <span class='ocrx_word' id='word_1_19' title='bbox 593 893 674 949; x_wconf 87' lang='lat' dir='ltr'><strong>etiam</strong></span> <span class='ocrx_word' id='word_1_20' title='bbox 693 888 863 961; x_wconf 76' lang='lat' dir='ltr'><strong>pretiosiores</strong></span> <span class='ocrx_word' id='word_1_21' title='bbox 876 885 935 939; x_wconf 90' lang='lat' dir='ltr'><strong>siue</strong></span> <span class='ocrx_word' id='word_1_22' title='bbox 953 879 1077 936; x_wconf 81' lang='lat' dir='ltr'><strong>carnibus</strong></span> <span class='ocrx_word' id='word_1_23' title='bbox 1098 870 1155 931; x_wconf 86' lang='lat' dir='ltr'><strong>ani·</strong></span> 
     </span>
     <span class='ocr_line' id='line_1_5' title="bbox 366 968 1156 1058; baseline -0.033 -9"><span class='ocrx_word' id='word_1_24' title='bbox 366 992 476 1048; x_wconf 68' lang='lat' dir='ltr'><strong>aelium</strong></span> <span class='ocrx_word' id='word_1_25' title='bbox 496 986 646 1058; x_wconf 86' lang='lat' dir='ltr'><strong>requiratis.</strong></span> <span class='ocrx_word' id='word_1_26' title='bbox 657 968 733 1037; x_wconf 50' lang='lat' dir='ltr'><strong>¹Cum</strong></span> <span class='ocrx_word' id='word_1_27' title='bbox 751 979 821 1036; x_wconf 89' lang='lat' dir='ltr'><strong>euim</strong></span> <span class='ocrx_word' id='word_1_28' title='bbox 839 991 938 1048; x_wconf 88' lang='lat' dir='ltr'><strong>eorpus</strong></span> <span class='ocrx_word' id='word_1_29' title='bbox 955 973 1110 1042; x_wconf 74' lang='lat' dir='ltr'><strong>castigatur,</strong></span> <span class='ocrx_word' id='word_1_30' title='bbox 1129 978 1156 1023; x_wconf 93' lang='lat' dir='ltr'><strong>et</strong></span> 
     </span>
     <span class='ocr_line' id='line_1_6' title="bbox 365 1062 1156 1150; baseline -0.04 -7"><span class='ocrx_word' id='word_1_31' title='bbox 365 1081 488 1142; x_wconf 71' lang='lat' dir='ltr'><strong>meinati</strong></span> <span class='ocrx_word' id='word_1_32' title='bbox 501 1078 639 1150; x_wconf 81' lang='lat' dir='ltr'><strong>sotqtetnr</strong></span> <span class='ocrx_word' id='word_1_33' title='bbox 649 1074 677 1145; x_wconf 89' lang='grc'><strong>(1</strong></span> <span class='ocrx_word' id='word_1_34' title='bbox 692 1073 751 1128; x_wconf 85' lang='lat' dir='ltr'><strong>Gor.</strong></span> <span class='ocrx_word' id='word_1_35' title='bbox 766 1087 803 1134; x_wconf 83' lang='lat' dir='ltr'><strong>tx,</strong></span> <span class='ocrx_word' id='word_1_36' title='bbox 820 1068 877 1139; x_wconf 77' lang='lat' dir='ltr'><strong>st),</strong></span> <span class='ocrx_word' id='word_1_37' title='bbox 892 1062 1082 1134; x_wconf 75' lang='lat' dir='ltr'><strong>restruqeadae</strong></span> <span class='ocrx_word' id='word_1_38' title='bbox 1094 1067 1156 1114; x_wconf 90' lang='lat' dir='ltr'><strong>sunt</strong></span> 
     </span>
     <span class='ocr_line' id='line_1_7' title="bbox 367 1150 1155 1240; baseline -0.036 -8"><span class='ocrx_word' id='word_1_39' title='bbox 367 1175 484 1240; x_wconf 75' lang='lat' dir='ltr'><strong>delicie,</strong></span> <span class='ocrx_word' id='word_1_40' title='bbox 499 1187 553 1227; x_wconf 89' lang='lat' dir='ltr'><strong>non</strong></span> <span class='ocrx_word' id='word_1_41' title='bbox 573 1166 717 1224; x_wconf 77' lang='lat' dir='ltr'><strong>autumndae.</strong></span> <span class='ocrx_word' id='word_1_42' title='bbox 732 1161 801 1230; x_wconf 83' lang='lat' dir='ltr'><strong>Quid</strong></span> <span class='ocrx_word' id='word_1_43' title='bbox 814 1160 885 1214; x_wconf 90' lang='lat' dir='ltr'><strong>enim</strong></span> <span class='ocrx_word' id='word_1_44' title='bbox 905 1158 1014 1213; x_wconf 88' lang='lat' dir='ltr'><strong>interest</strong></span> <span class='ocrx_word' id='word_1_45' title='bbox 1037 1155 1063 1207; x_wconf 92' lang='lat' dir='ltr'><strong>in</strong></span> <span class='ocrx_word' id='word_1_46' title='bbox 1084 1150 1155 1222; x_wconf 89' lang='lat' dir='ltr'><strong>qusli</strong></span> 
     </span>
     <span class='ocr_line' id='line_1_8' title="bbox 366 1241 1157 1330; baseline -0.037 -8"><span class='ocrx_word' id='word_1_47' title='bbox 366 1267 431 1322; x_wconf 79' lang='lat' dir='ltr'><strong>‹tbo</strong></span> <span class='ocrx_word' id='word_1_48' title='bbox 450 1258 664 1330; x_wconf 81' lang='lat' dir='ltr'><strong>torrcupiseeotia</strong></span> <span class='ocrx_word' id='word_1_49' title='bbox 686 1253 859 1311; x_wconf 85' lang='lat' dir='ltr'><strong>irnruaderata</strong></span> <span class='ocrx_word' id='word_1_50' title='bbox 879 1245 1017 1317; x_wconf 73' lang='lat' dir='ltr'>culpetur?</span> <span class='ocrx_word' id='word_1_51' title='bbox 1033 1242 1090 1299; x_wconf 81' lang='lat' dir='ltr'><strong>Nou</strong></span> <span class='ocrx_word' id='word_1_52' title='bbox 1107 1241 1157 1296; x_wconf 92' lang='lat' dir='ltr'><strong>nti·</strong></span> 
     </span>
     <span class='ocr_line' id='line_1_9' title="bbox 365 1331 1157 1427; baseline -0.037 -14"><span class='ocrx_word' id='word_1_53' title='bbox 365 1372 420 1427; x_wconf 84' lang='lat' dir='ltr'><strong>que</strong></span> <span class='ocrx_word' id='word_1_54' title='bbox 432 1352 541 1411; x_wconf 86' lang='lat' dir='ltr'><strong>desolls</strong></span> <span class='ocrx_word' id='word_1_55' title='bbox 552 1349 690 1412; x_wconf 83' lang='lat' dir='ltr'><strong>carnibus,</strong></span> <span class='ocrx_word' id='word_1_56' title='bbox 702 1344 749 1400; x_wconf 91' lang='lat' dir='ltr'><strong>sed</strong></span> <span class='ocrx_word' id='word_1_57' title='bbox 762 1343 841 1399; x_wconf 88' lang='lat' dir='ltr'><strong>etiam</strong></span> <span class='ocrx_word' id='word_1_58' title='bbox 855 1339 889 1394; x_wconf 89' lang='lat' dir='ltr'><strong>de</strong></span> <span class='ocrx_word' id='word_1_59' title='bbox 902 1334 1057 1407; x_wconf 86' lang='lat' dir='ltr'><strong>quibusdam</strong></span> <span class='ocrx_word' id='word_1_60' title='bbox 1071 1331 1157 1402; x_wconf 87' lang='lat' dir='ltr'><strong>pomis</strong></span> 
     </span>
     <span class='ocr_line' id='line_1_10' title="bbox 367 1424 1157 1515; baseline -0.034 -14"><span class='ocrx_word' id='word_1_61' title='bbox 367 1456 396 1502; x_wconf 89' lang='lat' dir='ltr'><strong>et</strong></span> <span class='ocrx_word' id='word_1_62' title='bbox 415 1443 583 1515; x_wconf 71' lang='lat' dir='ltr'><strong>agriculturae</strong></span> <span class='ocrx_word' id='word_1_63' title='bbox 598 1435 752 1493; x_wconf 88' lang='lat' dir='ltr'><strong>alirueutis¹</strong></span> <span class='ocrx_word' id='word_1_64' title='bbox 769 1429 945 1487; x_wconf 87' lang='lat' dir='ltr'><strong>israelitarum</strong></span> <span class='ocrx_word' id='word_1_65' title='bbox 967 1424 1157 1492; x_wconf 79' lang='lat' dir='ltr'><strong>concupisces-</strong></span> 
     </span>
     <span class='ocr_line' id='line_1_11' title="bbox 367 1511 1158 1593; baseline -0.033 -2"><span class='ocrx_word' id='word_1_66' title='bbox 367 1536 405 1593; x_wconf 85' lang='lat' dir='ltr'><strong>tls</strong></span> <span class='ocrx_word' id='word_1_67' title='bbox 418 1535 506 1591; x_wconf 83' lang='lat' dir='ltr'><strong>diuina</strong></span> <span class='ocrx_word' id='word_1_68' title='bbox 520 1544 586 1586; x_wconf 85' lang='lat' dir='ltr'><strong>rece</strong></span> <span class='ocrx_word' id='word_1_69' title='bbox 599 1529 722 1584; x_wconf 88' lang='lat' dir='ltr'><strong>damnata</strong></span> <span class='ocrx_word' id='word_1_70' title='bbox 736 1533 777 1579; x_wconf 89' lang='lat' dir='ltr'><strong>est</strong></span> <span class='ocrx_word' id='word_1_71' title='bbox 791 1519 884 1591; x_wconf 78' lang='lat' dir='ltr'><strong>(Naris.</strong></span> <span class='ocrx_word' id='word_1_72' title='bbox 898 1534 935 1585; x_wconf 86' lang='lat' dir='ltr'><strong>st,</strong></span> <span class='ocrx_word' id='word_1_73' title='bbox 947 1517 975 1581; x_wconf 77' lang='lat'><strong>5,</strong></span> <span class='ocrx_word' id='word_1_74' title='bbox 990 1515 1035 1579; x_wconf 73' lang='grc'><strong>55,</strong></span> <span class='ocrx_word' id='word_1_75' title='bbox 1051 1512 1109 1580; x_wconf 73' lang='lat' dir='ltr'><strong>dl).</strong></span> <span class='ocrx_word' id='word_1_76' title='bbox 1125 1511 1158 1565; x_wconf 82' lang='lat' dir='ltr'><strong>Et</strong></span> 
     </span>
     <span class='ocr_line' id='line_1_12' title="bbox 368 1601 1156 1692; baseline -0.042 -6"><span class='ocrx_word' id='word_1_77' title='bbox 368 1626 450 1691; x_wconf 64' lang='grc' dir='ltr'><strong>ΕΜ,</strong></span> <span class='ocrx_word' id='word_1_78' title='bbox 471 1638 524 1678; x_wconf 90' lang='lat' dir='ltr'><strong>nau</strong></span> <span class='ocrx_word' id='word_1_79' title='bbox 538 1628 646 1692; x_wconf 84' lang='lat' dir='ltr'><strong>pmpter</strong></span> <span class='ocrx_word' id='word_1_80' title='bbox 659 1616 737 1670; x_wconf 82' lang='lat' dir='ltr'><strong>ollam</strong></span> <span class='ocrx_word' id='word_1_81' title='bbox 751 1613 873 1676; x_wconf 78' lang='lat' dir='ltr'><strong>suillam,</strong></span> <span class='ocrx_word' id='word_1_82' title='bbox 894 1607 941 1664; x_wconf 86' lang='lat' dir='ltr'><strong>sed</strong></span> <span class='ocrx_word' id='word_1_83' title='bbox 956 1613 1063 1677; x_wconf 91' lang='lat' dir='ltr'><strong>propter</strong></span> <span class='ocrx_word' id='word_1_84' title='bbox 1077 1601 1156 1658; x_wconf 88' lang='lat' dir='ltr'><strong>leuti-</strong></span> 
     </span>
     <span class='ocr_line' id='line_1_13' title="bbox 367 1695 1155 1778; baseline -0.039 -2"><span class='ocrx_word' id='word_1_85' title='bbox 367 1719 456 1775; x_wconf 77' lang='lat' dir='ltr'><strong>cutam</strong></span> <span class='ocrx_word' id='word_1_86' title='bbox 469 1715 634 1774; x_wconf 82' lang='lat' dir='ltr'><strong>delrimtam,</strong></span> <span class='ocrx_word' id='word_1_87' title='bbox 643 1723 690 1764; x_wconf 84' lang='lat' dir='ltr'><strong>sea</strong></span> <span class='ocrx_word' id='word_1_88' title='bbox 702 1702 880 1778; x_wconf 77' lang='lat' dir='ltr'><strong>priruapenita-</strong></span> <span class='ocrx_word' id='word_1_89' title='bbox 887 1698 997 1770; x_wconf 82' lang='lat' dir='ltr'><strong>perdidit</strong></span> <span class='ocrx_word' id='word_1_90' title='bbox 1006 1695 1083 1769; x_wconf 80' lang='lat' dir='ltr'><strong>(Gan.</strong></span> <span class='ocrx_word' id='word_1_91' title='bbox 1094 1709 1155 1758; x_wconf 80' lang='lat' dir='ltr'><strong>aar,</strong></span> 
     </span>
     <span class='ocr_line' id='line_1_14' title="bbox 367 1784 1156 1876; baseline -0.038 -10"><span class='ocrx_word' id='word_1_92' title='bbox 367 1802 661 1876; x_wconf 60' lang='lat' dir='ltr'><strong>substernotata</strong></span> <span class='ocrx_word' id='word_1_93' title='bbox 676 1796 740 1868; x_wconf 72' lang='lat' dir='ltr'><strong>«pund</strong></span> <span class='ocrx_word' id='word_1_94' title='bbox 754 1794 874 1850; x_wconf 88' lang='lat' dir='ltr'><strong>esuriens</strong></span> <span class='ocrx_word' id='word_1_95' title='bbox 888 1789 1014 1844; x_wconf 79' lang='lat' dir='ltr'><strong>Dominus</strong></span> <span class='ocrx_word' id='word_1_96' title='bbox 1033 1784 1156 1840; x_wconf 71' lang='lat' dir='ltr'><strong>tentatori</strong></span> 
     </span>
     <span class='ocr_line' id='line_1_15' title="bbox 367 1873 1155 1964; baseline -0.038 -9"><span class='ocrx_word' id='word_1_97' title='bbox 367 1898 450 1955; x_wconf 68' lang='lat' dir='ltr'><strong>uiam</strong></span> <span class='ocrx_word' id='word_1_98' title='bbox 471 1894 582 1964; x_wconf 83' lang='lat' dir='ltr'><strong>ds.ipso</strong></span> <span class='ocrx_word' id='word_1_99' title='bbox 601 1905 668 1960; x_wconf 87' lang='lat' dir='ltr'><strong>parre</strong></span> <span class='ocrx_word' id='word_1_100' title='bbox 683 1884 847 1956; x_wconf 88' lang='lat' dir='ltr'><strong>responderit</strong></span> <span class='ocrx_word' id='word_1_101' title='bbox 867 1879 979 1953; x_wconf 85' lang='lat' dir='ltr'><strong>(llattlr.</strong></span> <span class='ocrx_word' id='word_1_102' title='bbox 999 1892 1037 1942; x_wconf 86' lang='lat' dir='ltr'><strong>ru,</strong></span> <span class='ocrx_word' id='word_1_103' title='bbox 1051 1876 1078 1942; x_wconf 71' lang='lat' dir='ltr'><strong>b,</strong></span> <span class='ocrx_word' id='word_1_104' title='bbox 1093 1873 1130 1943; x_wconf 80' lang='lat' dir='ltr'><strong>l)</strong></span> <span class='ocrx_word' id='word_1_105' title='bbox 1149 1889 1155 1925; x_wconf 92' lang='lat'>:</span> 
     </span>
     <span class='ocr_line' id='line_1_16' title="bbox 368 1963 1155 2059; baseline -0.033 -18"><span class='ocrx_word' id='word_1_106' title='bbox 368 1988 416 2059; x_wconf 81' lang='lat' dir='ltr'><strong>apti</strong></span> <span class='ocrx_word' id='word_1_107' title='bbox 431 1994 504 2042; x_wconf 86' lang='lat' dir='ltr'><strong>certe</strong></span> <span class='ocrx_word' id='word_1_108' title='bbox 518 1998 571 2038; x_wconf 89' lang='lat' dir='ltr'><strong>nou</strong></span> <span class='ocrx_word' id='word_1_109' title='bbox 586 1995 661 2036; x_wconf 85' lang='lat' dir='ltr'><strong>suam</strong></span> <span class='ocrx_word' id='word_1_110' title='bbox 675 1991 781 2032; x_wconf 77' lang='lat' dir='ltr'><strong>carerent</strong></span> <span class='ocrx_word' id='word_1_111' title='bbox 795 1971 868 2044; x_wconf 90' lang='lat' dir='ltr'><strong>quusi</strong></span> <span class='ocrx_word' id='word_1_112' title='bbox 882 1969 1006 2025; x_wconf 89' lang='lat' dir='ltr'><strong>rebellem</strong></span> <span class='ocrx_word' id='word_1_113' title='bbox 1022 1963 1155 2028; x_wconf 85' lang='lat' dir='ltr'><strong>domabat,</strong></span> 
     </span>
     <span class='ocr_line' id='line_1_17' title="bbox 371 2052 1158 2147; baseline -0.041 -11"><span class='ocrx_word' id='word_1_114' title='bbox 371 2076 421 2135; x_wconf 88' lang='lat' dir='ltr'><strong>sed</strong></span> <span class='ocrx_word' id='word_1_115' title='bbox 436 2074 498 2147; x_wconf 88' lang='lat' dir='ltr'><strong>quid</strong></span> <span class='ocrx_word' id='word_1_116' title='bbox 517 2074 544 2128; x_wconf 89' lang='lat' dir='ltr'><strong>in</strong></span> <span class='ocrx_word' id='word_1_117' title='bbox 564 2071 661 2126; x_wconf 87' lang='lat' dir='ltr'><strong>talibus</strong></span> <span class='ocrx_word' id='word_1_118' title='bbox 677 2064 865 2122; x_wconf 88' lang='lat' dir='ltr'><strong>tentationibus</strong></span> <span class='ocrx_word' id='word_1_119' title='bbox 880 2057 1042 2128; x_wconf 83' lang='lat' dir='ltr'><strong>respondere</strong></span> <span class='ocrx_word' id='word_1_120' title='bbox 1062 2052 1158 2108; x_wconf 88' lang='lat' dir='ltr'><strong>debea-</strong></span> 
     </span>
     <span class='ocr_line' id='line_1_18' title="bbox 371 2141 1157 2225; baseline -0.039 0"><span class='ocrx_word' id='word_1_121' title='bbox 371 2183 433 2225; x_wconf 88' lang='lat' dir='ltr'><strong>tnns</strong></span> <span class='ocrx_word' id='word_1_122' title='bbox 449 2160 658 2221; x_wconf 71' lang='lat' dir='ltr'><strong>misericorditer</strong></span> <span class='ocrx_word' id='word_1_123' title='bbox 676 2154 845 2212; x_wconf 87' lang='lat' dir='ltr'><strong>admouebat.</strong></span> <span class='ocrx_word' id='word_1_124' title='bbox 866 2150 1041 2219; x_wconf 77' lang='lat' dir='ltr'><strong>Quapropter,</strong></span> <span class='ocrx_word' id='word_1_125' title='bbox 1057 2141 1157 2197; x_wconf 89' lang='lat' dir='ltr'><strong>cbaris-</strong></span> 
     </span>
     <span class='ocr_line' id='line_1_19' title="bbox 369 2233 1156 2328; baseline -0.042 -10"><span class='ocrx_word' id='word_1_126' title='bbox 369 2261 448 2325; x_wconf 76' lang='lat' dir='ltr'><strong>simi,</strong></span> <span class='ocrx_word' id='word_1_127' title='bbox 470 2254 714 2328; x_wconf 83' lang='lat' dir='ltr'><strong>sqnlbuseumque</strong></span> <span class='ocrx_word' id='word_1_128' title='bbox 737 2245 804 2302; x_wconf 89' lang='lat' dir='ltr'><strong>cibis</strong></span> <span class='ocrx_word' id='word_1_129' title='bbox 829 2243 905 2299; x_wconf 88' lang='lat' dir='ltr'><strong>uobis</strong></span> <span class='ocrx_word' id='word_1_130' title='bbox 925 2238 1052 2310; x_wconf 79' lang='lat' dir='ltr'><strong>placuerit</strong></span> <span class='ocrx_word' id='word_1_131' title='bbox 1073 2233 1156 2288; x_wconf 88' lang='lat' dir='ltr'><strong>absti-</strong></span> 
     </span>
     <span class='ocr_line' id='line_1_20' title="bbox 370 2327 1160 2415; baseline -0.044 -5"><span class='ocrx_word' id='word_1_132' title='bbox 370 2366 454 2415; x_wconf 82' lang='lat' dir='ltr'><strong>tterc,</strong></span> <span class='ocrx_word' id='word_1_133' title='bbox 470 2352 632 2403; x_wconf 89' lang='lat' dir='ltr'><strong>mementote</strong></span> <span class='ocrx_word' id='word_1_134' title='bbox 651 2350 679 2396; x_wconf 93' lang='lat' dir='ltr'><strong>ut</strong></span> <span class='ocrx_word' id='word_1_135' title='bbox 696 2336 858 2410; x_wconf 90' lang='lat' dir='ltr'><strong>propositum</strong></span> <span class='ocrx_word' id='word_1_136' title='bbox 873 2339 988 2387; x_wconf 86' lang='lat' dir='ltr'><strong>restmm</strong></span> <span class='ocrx_word' id='word_1_137' title='bbox 1003 2327 1044 2398; x_wconf 89' lang='lat' dir='ltr'><strong>pia</strong></span> <span class='ocrx_word' id='word_1_138' title='bbox 1059 2334 1160 2394; x_wconf 91' lang='lat' dir='ltr'><strong>tempe·</strong></span> 
     </span>
     <span class='ocr_line' id='line_1_21' title="bbox 371 2415 1158 2501; baseline -0.039 -2"><span class='ocrx_word' id='word_1_139' title='bbox 371 2442 457 2499; x_wconf 79' lang='lat' dir='ltr'><strong>caustis</strong></span> <span class='ocrx_word' id='word_1_140' title='bbox 471 2435 645 2501; x_wconf 81' lang='lat' dir='ltr'><strong>eoruscruetis,</strong></span> <span class='ocrx_word' id='word_1_141' title='bbox 669 2447 721 2487; x_wconf 90' lang='lat' dir='ltr'><strong>uon</strong></span> <span class='ocrx_word' id='word_1_142' title='bbox 744 2440 774 2483; x_wconf 91' lang='lat' dir='ltr'><strong>nt</strong></span> <span class='ocrx_word' id='word_1_143' title='bbox 794 2426 839 2481; x_wconf 85' lang='lat' dir='ltr'><strong>bei</strong></span> <span class='ocrx_word' id='word_1_144' title='bbox 859 2431 1006 2479; x_wconf 83' lang='lat' dir='ltr'><strong>ereaturam</strong></span> <span class='ocrx_word' id='word_1_145' title='bbox 1029 2415 1158 2487; x_wconf 76' lang='lat' dir='ltr'><strong>sacrilego</strong></span> 
     </span>
     <span class='ocr_line' id='line_1_22' title="bbox 370 2507 1159 2594; baseline -0.035 -5"><span class='ocrx_word' id='word_1_146' title='bbox 370 2548 464 2591; x_wconf 72' lang='lat' dir='ltr'><strong>emine</strong></span> <span class='ocrx_word' id='word_1_147' title='bbox 485 2527 626 2587; x_wconf 84' lang='lat' dir='ltr'><strong>damnetis.</strong></span> <span class='ocrx_word' id='word_1_148' title='bbox 646 2525 810 2594; x_wconf 78' lang='lat' dir='ltr'><strong>Qttiettutque</strong></span> <span class='ocrx_word' id='word_1_149' title='bbox 829 2519 910 2573; x_wconf 79' lang='lat' dir='ltr'><strong>etlam</strong></span> <span class='ocrx_word' id='word_1_150' title='bbox 927 2513 992 2570; x_wconf 79' lang='lat' dir='ltr'><strong>estis</strong></span> <span class='ocrx_word' id='word_1_151' title='bbox 1003 2507 1159 2580; x_wconf 68' lang='lat' dir='ltr'><strong>coniugibus</strong></span> 
     </span>
     <span class='ocr_line' id='line_1_23' title="bbox 370 2600 1157 2696; baseline -0.042 -12"><span class='ocrx_word' id='word_1_152' title='bbox 370 2624 484 2696; x_wconf 73' lang='lat' dir='ltr'><strong>slbqati,</strong></span> <span class='ocrx_word' id='word_1_153' title='bbox 498 2634 568 2684; x_wconf 84' lang='lat' dir='ltr'><strong>urrarc</strong></span> <span class='ocrx_word' id='word_1_154' title='bbox 581 2617 696 2673; x_wconf 83' lang='lat' dir='ltr'><strong>rusuirue</strong></span> <span class='ocrx_word' id='word_1_155' title='bbox 715 2609 858 2684; x_wconf 90' lang='lat' dir='ltr'><strong>apostolica</strong></span> <span class='ocrx_word' id='word_1_156' title='bbox 876 2605 976 2663; x_wconf 87' lang='lat' dir='ltr'><strong>monita</strong></span> <span class='ocrx_word' id='word_1_157' title='bbox 996 2600 1078 2658; x_wconf 83' lang='lat' dir='ltr'><strong>aalite</strong></span> <span class='ocrx_word' id='word_1_158' title='bbox 1097 2613 1157 2653; x_wconf 89' lang='lat' dir='ltr'><strong>con·</strong></span> 
     </span>
     <span class='ocr_line' id='line_1_24' title="bbox 373 2696 1161 2781; baseline -0.037 -11"><span class='ocrx_word' id='word_1_159' title='bbox 373 2726 505 2781; x_wconf 62' lang='lat' dir='ltr'><strong>minere,</strong></span> <span class='ocrx_word' id='word_1_160' title='bbox 526 2722 555 2767; x_wconf 91' lang='lat' dir='ltr'><strong>ut</strong></span> <span class='ocrx_word' id='word_1_161' title='bbox 574 2709 686 2764; x_wconf 89' lang='lat' dir='ltr'><strong>inuicem</strong></span> <span class='ocrx_word' id='word_1_162' title='bbox 699 2699 855 2758; x_wconf 83' lang='lat' dir='ltr'><strong>abstineatis</strong></span> <span class='ocrx_word' id='word_1_163' title='bbox 867 2696 900 2752; x_wconf 92' lang='lat' dir='ltr'><strong>ad</strong></span> <span class='ocrx_word' id='word_1_164' title='bbox 915 2705 1028 2763; x_wconf 60' lang='lat' dir='ltr'><strong>emptu,</strong></span> <span class='ocrx_word' id='word_1_165' title='bbox 1042 2697 1071 2745; x_wconf 91' lang='lat' dir='ltr'><strong>ut</strong></span> <span class='ocrx_word' id='word_1_166' title='bbox 1085 2703 1161 2743; x_wconf 81' lang='lat' dir='ltr'><strong>raee-</strong></span> 
     </span>
    </p>
   </div>
   <div class='ocr_carea' id='block_1_2' title="bbox 360 2778 1183 5890">
    <p class='ocr_par' dir='ltr' id='par_1_3' title="bbox 360 2778 1164 3409">
     <span class='ocr_line' id='line_1_25' title="bbox 361 2778 1161 2868; baseline -0.045 -2"><span class='ocrx_word' id='word_1_167' title='bbox 361 2806 408 2865; x_wconf 75' lang='lat' dir='ltr'><strong>atu</strong></span> <span class='ocrx_word' id='word_1_168' title='bbox 420 2802 586 2860; x_wconf 73' lang='lat' dir='ltr'><strong>uacationibus</strong></span> <span class='ocrx_word' id='word_1_169' title='bbox 603 2797 633 2868; x_wconf 94' lang='lat' dir='ltr'><strong>(l</strong></span> <span class='ocrx_word' id='word_1_170' title='bbox 650 2795 710 2850; x_wconf 82' lang='lat' dir='ltr'><strong>Cor.</strong></span> <span class='ocrx_word' id='word_1_171' title='bbox 725 2808 780 2858; x_wconf 79' lang='lat' dir='ltr'><strong>sn,</strong></span> <span class='ocrx_word' id='word_1_172' title='bbox 803 2789 851 2858; x_wconf 80' lang='lat'><strong>5).</strong></span> <span class='ocrx_word' id='word_1_173' title='bbox 867 2783 942 2854; x_wconf 82' lang='lat' dir='ltr'><strong>Quod</strong></span> <span class='ocrx_word' id='word_1_174' title='bbox 964 2782 1034 2838; x_wconf 89' lang='lat' dir='ltr'><strong>euim</strong></span> <span class='ocrx_word' id='word_1_175' title='bbox 1054 2787 1082 2832; x_wconf 87' lang='lat' dir='ltr'><strong>et</strong></span> <span class='ocrx_word' id='word_1_176' title='bbox 1103 2778 1161 2831; x_wconf 86' lang='lat' dir='ltr'><strong>aliis</strong></span> 
     </span>
     <span class='ocr_line' id='line_1_26' title="bbox 372 2867 1162 2955; baseline -0.039 -3"><span class='ocrx_word' id='word_1_177' title='bbox 372 2893 470 2955; x_wconf 69' lang='lat' dir='ltr'><strong>etr-tro</strong></span> <span class='ocrx_word' id='word_1_178' title='bbox 484 2891 583 2946; x_wconf 87' lang='lat' dir='ltr'><strong>utiliter</strong></span> <span class='ocrx_word' id='word_1_179' title='bbox 602 2890 649 2953; x_wconf 92' lang='lat' dir='ltr'><strong>lit,</strong></span> <span class='ocrx_word' id='word_1_180' title='bbox 673 2884 751 2939; x_wconf 82' lang='lat' dir='ltr'><strong>trituris</strong></span> <span class='ocrx_word' id='word_1_181' title='bbox 764 2874 1031 2935; x_wconf 83' lang='lat' dir='ltr'><strong>irnerecnndumest</strong></span> <span class='ocrx_word' id='word_1_182' title='bbox 1044 2870 1067 2926; x_wconf 88' lang='lat' dir='ltr'><strong>si</strong></span> <span class='ocrx_word' id='word_1_183' title='bbox 1083 2867 1162 2922; x_wconf 75' lang='lat' dir='ltr'><strong>uretdo</strong></span> 
     </span>
     <span class='ocr_line' id='line_1_27' title="bbox 360 2960 1162 3041; baseline -0.037 1"><span class='ocrx_word' id='word_1_184' title='bbox 360 3001 430 3041; x_wconf 79' lang='lat' dir='ltr'><strong>‚tren</strong></span> <span class='ocrx_word' id='word_1_185' title='bbox 444 2986 500 3038; x_wconf 73' lang='lat' dir='ltr'><strong>ttae.</strong></span> <span class='ocrx_word' id='word_1_186' title='bbox 515 2980 636 3036; x_wconf 80' lang='lat' dir='ltr'><strong>ltrbitror</strong></span> <span class='ocrx_word' id='word_1_187' title='bbox 649 2988 791 3032; x_wconf 83' lang='lat' dir='ltr'><strong>onerosum</strong></span> <span class='ocrx_word' id='word_1_188' title='bbox 812 2985 863 3025; x_wconf 86' lang='lat' dir='ltr'><strong>anm</strong></span> <span class='ocrx_word' id='word_1_189' title='bbox 883 2982 943 3023; x_wconf 89' lang='lat' dir='ltr'><strong>esse</strong></span> <span class='ocrx_word' id='word_1_190' title='bbox 962 2964 1069 3027; x_wconf 85' lang='lat' dir='ltr'><strong>debere,</strong></span> <span class='ocrx_word' id='word_1_191' title='bbox 1084 2960 1162 3015; x_wconf 86' lang='lat' dir='ltr'><strong>auni-</strong></span> 
     </span>
     <span class='ocr_line' id='line_1_28' title="bbox 375 3054 1163 3134; baseline -0.034 1"><span class='ocrx_word' id='word_1_192' title='bbox 375 3076 494 3134; x_wconf 78' lang='lat' dir='ltr'><strong>ressrria</strong></span> <span class='ocrx_word' id='word_1_193' title='bbox 508 3071 696 3131; x_wconf 80' lang='lat' dir='ltr'><strong>obseruatione</strong></span> <span class='ocrx_word' id='word_1_194' title='bbox 717 3064 881 3123; x_wconf 79' lang='lat' dir='ltr'><strong>solemnibus</strong></span> <span class='ocrx_word' id='word_1_195' title='bbox 900 3061 994 3115; x_wconf 90' lang='lat' dir='ltr'><strong>diebus</strong></span> <span class='ocrx_word' id='word_1_196' title='bbox 1007 3057 1057 3112; x_wconf 89' lang='lat' dir='ltr'><strong>lroe</strong></span> <span class='ocrx_word' id='word_1_197' title='bbox 1077 3054 1163 3109; x_wconf 84' lang='lat' dir='ltr'><strong>lacere</strong></span> 
     </span>
     <span class='ocr_line' id='line_1_29' title="bbox 374 3152 1162 3240; baseline -0.039 -13"><span class='ocrx_word' id='word_1_198' title='bbox 374 3169 542 3240; x_wconf 62' lang='lat' dir='ltr'><strong>assistemus,</strong></span> <span class='ocrx_word' id='word_1_199' title='bbox 562 3163 633 3237; x_wconf 90' lang='lat' dir='ltr'><strong>quud</strong></span> <span class='ocrx_word' id='word_1_200' title='bbox 656 3161 787 3216; x_wconf 78' lang='lat' dir='ltr'><strong>sidones</strong></span> <span class='ocrx_word' id='word_1_201' title='bbox 803 3155 915 3227; x_wconf 69' lang='lat' dir='ltr'><strong>«perardum</strong></span> <span class='ocrx_word' id='word_1_202' title='bbox 931 3152 991 3206; x_wconf 81' lang='lat' dir='ltr'><strong>sitae</strong></span> <span class='ocrx_word' id='word_1_203' title='bbox 1011 3158 1085 3221; x_wconf 90' lang='lat' dir='ltr'><strong>parte</strong></span> <span class='ocrx_word' id='word_1_204' title='bbox 1101 3160 1162 3216; x_wconf 91' lang='lat' dir='ltr'><strong>pro·</strong></span> 
     </span>
     <span class='ocr_line' id='line_1_30' title="bbox 375 3242 1164 3324; baseline -0.039 -6"><span class='ocrx_word' id='word_1_205' title='bbox 375 3260 538 3324; x_wconf 76' lang='lat' dir='ltr'><strong>lmecsnut,</strong></span> <span class='ocrx_word' id='word_1_206' title='bbox 552 3256 623 3324; x_wconf 75' lang='lat' dir='ltr'><strong>merod</strong></span> <span class='ocrx_word' id='word_1_207' title='bbox 642 3263 695 3309; x_wconf 85' lang='lat' dir='ltr'><strong>tota</strong></span> <span class='ocrx_word' id='word_1_208' title='bbox 718 3251 771 3305; x_wconf 85' lang='lat' dir='ltr'><strong>uita</strong></span> <span class='ocrx_word' id='word_1_209' title='bbox 786 3256 883 3302; x_wconf 78' lang='lat' dir='ltr'><strong>surena</strong></span> <span class='ocrx_word' id='word_1_210' title='bbox 903 3242 1019 3314; x_wconf 79' lang='lat' dir='ltr'><strong>uirqirres</strong></span> <span class='ocrx_word' id='word_1_211' title='bbox 1038 3251 1164 3307; x_wconf 78' lang='lat' dir='ltr'><strong>suscepe-</strong></span> 
     </span>
     <span class='ocr_line' id='line_1_31' title="bbox 376 3361 448 3409; baseline -0.042 1"><span class='ocrx_word' id='word_1_212' title='bbox 376 3361 448 3409; x_wconf 71' lang='lat' dir='ltr'><strong>utut.</strong></span> 
     </span>
    </p>

    <p class='ocr_par' dir='ltr' id='par_1_4' title="bbox 376 3423 1183 5890">
     <span class='ocr_line' id='line_1_32' title="bbox 412 3423 1165 3509; baseline -0.036 -11"><span class='ocrx_word' id='word_1_213' title='bbox 412 3443 440 3497; x_wconf 77' lang='lat'><strong>2.</strong></span> <span class='ocrx_word' id='word_1_214' title='bbox 462 3440 634 3509; x_wconf 68' lang='lat' dir='ltr'><strong>Eleemosynae</strong></span> <span class='ocrx_word' id='word_1_215' title='bbox 645 3451 722 3506; x_wconf 84' lang='lat' dir='ltr'><strong>opem</strong></span> <span class='ocrx_word' id='word_1_216' title='bbox 730 3427 923 3500; x_wconf 74' lang='lat' dir='ltr'><strong>amplificanda.</strong></span> <span class='ocrx_word' id='word_1_217' title='bbox 938 3423 1108 3492; x_wconf 77' lang='lat' dir='ltr'><strong>Eleenmsqua·</strong></span> <span class='ocrx_word' id='word_1_218' title='bbox 1120 3434 1165 3489; x_wconf 84' lang='lat' dir='ltr'><strong>qe·</strong></span> 
     </span>
     <span class='ocr_line' id='line_1_33' title="bbox 376 3515 1164 3604; baseline -0.024 -14"><span class='ocrx_word' id='word_1_219' title='bbox 376 3553 436 3601; x_wconf 68' lang='lat' dir='ltr'><strong>tras,</strong></span> <span class='ocrx_word' id='word_1_220' title='bbox 454 3548 555 3604; x_wconf 80' lang='lat' dir='ltr'><strong>parcere</strong></span> <span class='ocrx_word' id='word_1_221' title='bbox 569 3528 686 3583; x_wconf 76' lang='lat' dir='ltr'><strong>irritantis.</strong></span> <span class='ocrx_word' id='word_1_222' title='bbox 701 3527 759 3580; x_wconf 84' lang='lat' dir='ltr'><strong>laun</strong></span> <span class='ocrx_word' id='word_1_223' title='bbox 774 3537 837 3577; x_wconf 80' lang='lat' dir='ltr'><strong>verat</strong></span> <span class='ocrx_word' id='word_1_224' title='bbox 851 3521 1034 3588; x_wconf 79' lang='lat' dir='ltr'><strong>eleemosynas</strong></span> <span class='ocrx_word' id='word_1_225' title='bbox 1048 3515 1089 3568; x_wconf 84' lang='lat' dir='ltr'><strong>luis</strong></span> <span class='ocrx_word' id='word_1_226' title='bbox 1107 3516 1164 3571; x_wconf 89' lang='lat' dir='ltr'><strong>die·</strong></span> 
     </span>
     <span class='ocr_line' id='line_1_34' title="bbox 380 3608 1165 3696; baseline -0.027 -13"><span class='ocrx_word' id='word_1_227' title='bbox 380 3629 429 3683; x_wconf 88' lang='lat' dir='ltr'><strong>bus</strong></span> <span class='ocrx_word' id='word_1_228' title='bbox 442 3641 549 3696; x_wconf 78' lang='lat' dir='ltr'><strong>ungere,</strong></span> <span class='ocrx_word' id='word_1_229' title='bbox 564 3622 677 3693; x_wconf 86' lang='lat' dir='ltr'><strong>quodam</strong></span> <span class='ocrx_word' id='word_1_230' title='bbox 695 3617 773 3672; x_wconf 86' lang='lat' dir='ltr'><strong>rrrodo</strong></span> <span class='ocrx_word' id='word_1_231' title='bbox 793 3630 825 3670; x_wconf 84' lang='lat' dir='ltr'><strong>ex</strong></span> <span class='ocrx_word' id='word_1_232' title='bbox 845 3612 935 3667; x_wconf 87' lang='lat' dir='ltr'><strong>debito</strong></span> <span class='ocrx_word' id='word_1_233' title='bbox 955 3620 1006 3665; x_wconf 86' lang='lat' dir='ltr'><strong>cst.</strong></span> <span class='ocrx_word' id='word_1_234' title='bbox 1026 3608 1075 3665; x_wconf 88' lang='lat' dir='ltr'><strong>Ubi</strong></span> <span class='ocrx_word' id='word_1_235' title='bbox 1094 3609 1165 3663; x_wconf 87' lang='lat' dir='ltr'><strong>enirn</strong></span> 
     </span>
     <span class='ocr_line' id='line_1_35' title="bbox 377 3700 1168 3790; baseline -0.027 -16"><span class='ocrx_word' id='word_1_236' title='bbox 377 3720 476 3790; x_wconf 78' lang='lat' dir='ltr'><strong>iustius</strong></span> <span class='ocrx_word' id='word_1_237' title='bbox 487 3732 566 3788; x_wconf 87' lang='lat' dir='ltr'><strong>quam</strong></span> <span class='ocrx_word' id='word_1_238' title='bbox 580 3711 730 3768; x_wconf 86' lang='lat' dir='ltr'><strong>urisereudo</strong></span> <span class='ocrx_word' id='word_1_239' title='bbox 742 3705 903 3778; x_wconf 86' lang='lat' dir='ltr'><strong>impenditis,</strong></span> <span class='ocrx_word' id='word_1_240' title='bbox 915 3701 986 3773; x_wconf 92' lang='lat' dir='ltr'><strong>qnod</strong></span> <span class='ocrx_word' id='word_1_241' title='bbox 1002 3701 1076 3755; x_wconf 83' lang='lat' dir='ltr'><strong>cultis</strong></span> <span class='ocrx_word' id='word_1_242' title='bbox 1090 3700 1168 3754; x_wconf 86' lang='lat' dir='ltr'><strong>absti-</strong></span> 
     </span>
     <span class='ocr_line' id='line_1_36' title="bbox 379 3790 1167 3871; baseline -0.029 -5"><span class='ocrx_word' id='word_1_243' title='bbox 379 3809 468 3867; x_wconf 86' lang='lat' dir='ltr'><strong>nemlo</strong></span> <span class='ocrx_word' id='word_1_244' title='bbox 480 3805 603 3861; x_wconf 85' lang='lat' dir='ltr'><strong>detuitisl</strong></span> <span class='ocrx_word' id='word_1_245' title='bbox 624 3803 656 3857; x_wconf 80' lang='lat' dir='ltr'><strong>Et</strong></span> <span class='ocrx_word' id='word_1_246' title='bbox 669 3800 730 3871; x_wconf 90' lang='lat' dir='ltr'><strong>quid</strong></span> <span class='ocrx_word' id='word_1_247' title='bbox 747 3797 871 3868; x_wconf 89' lang='lat' dir='ltr'><strong>iniquius,</strong></span> <span class='ocrx_word' id='word_1_248' title='bbox 884 3797 963 3863; x_wconf 77' lang='lat' dir='ltr'><strong>quatu</strong></span> <span class='ocrx_word' id='word_1_249' title='bbox 984 3800 1012 3846; x_wconf 91' lang='lat' dir='ltr'><strong>at</strong></span> <span class='ocrx_word' id='word_1_250' title='bbox 1026 3790 1097 3861; x_wconf 88' lang='lat' dir='ltr'><strong>quod</strong></span> <span class='ocrx_word' id='word_1_251' title='bbox 1116 3790 1167 3844; x_wconf 85' lang='lat' dir='ltr'><strong>uri·</strong></span> 
     </span>
     <span class='ocr_line' id='line_1_37' title="bbox 380 3883 1166 3972; baseline -0.033 -12"><span class='ocrx_word' id='word_1_252' title='bbox 380 3910 535 3972; x_wconf 79' lang='lat' dir='ltr'><strong>truseroqat</strong></span> <span class='ocrx_word' id='word_1_253' title='bbox 557 3896 725 3957; x_wconf 85' lang='lat' dir='ltr'><strong>abstinentia,</strong></span> <span class='ocrx_word' id='word_1_254' title='bbox 749 3900 838 3946; x_wconf 83' lang='lat' dir='ltr'><strong>seruet</strong></span> <span class='ocrx_word' id='word_1_255' title='bbox 862 3900 1020 3957; x_wconf 87' lang='lat' dir='ltr'><strong>permaneus</strong></span> <span class='ocrx_word' id='word_1_256' title='bbox 1039 3883 1166 3945; x_wconf 85' lang='lat' dir='ltr'><strong>auaritia,</strong></span> 
     </span>
     <span class='ocr_line' id='line_1_38' title="bbox 380 3971 1169 4048; baseline -0.027 0"><span class='ocrx_word' id='word_1_257' title='bbox 380 4006 426 4048; x_wconf 86' lang='lat' dir='ltr'><strong>unt</strong></span> <span class='ocrx_word' id='word_1_258' title='bbox 441 3996 581 4046; x_wconf 80' lang='lat' dir='ltr'><strong>nottsumut</strong></span> <span class='ocrx_word' id='word_1_259' title='bbox 592 3988 673 4042; x_wconf 84' lang='lat' dir='ltr'><strong>diluta</strong></span> <span class='ocrx_word' id='word_1_260' title='bbox 689 3981 810 4038; x_wconf 75' lang='lat' dir='ltr'><strong>luxuria?</strong></span> <span class='ocrx_word' id='word_1_261' title='bbox 823 3977 952 4033; x_wconf 81' lang='lat' dir='ltr'><strong>intendite</strong></span> <span class='ocrx_word' id='word_1_262' title='bbox 973 3976 1060 4043; x_wconf 78' lang='lat' dir='ltr'><strong>&#39;ttuqne</strong></span> <span class='ocrx_word' id='word_1_263' title='bbox 1073 3971 1169 4042; x_wconf 74' lang='lat' dir='ltr'><strong>quibus</strong></span> 
     </span>
     <span class='ocr_line' id='line_1_39' title="bbox 380 4065 1168 4152; baseline -0.034 -10"><span class='ocrx_word' id='word_1_264' title='bbox 380 4085 502 4143; x_wconf 73' lang='lat' dir='ltr'><strong>oretanus</strong></span> <span class='ocrx_word' id='word_1_265' title='bbox 514 4080 584 4152; x_wconf 91' lang='lat' dir='ltr'><strong>quod</strong></span> <span class='ocrx_word' id='word_1_266' title='bbox 600 4077 673 4133; x_wconf 84' lang='lat' dir='ltr'><strong>uobis</strong></span> <span class='ocrx_word' id='word_1_267' title='bbox 686 4072 837 4142; x_wconf 60' lang='lat' dir='ltr'><strong>denegarim</strong></span> <span class='ocrx_word' id='word_1_268' title='bbox 851 4077 880 4122; x_wconf 94' lang='lat' dir='ltr'><strong>nt</strong></span> <span class='ocrx_word' id='word_1_269' title='bbox 892 4067 961 4137; x_wconf 94' lang='lat' dir='ltr'><strong>qnod</strong></span> <span class='ocrx_word' id='word_1_270' title='bbox 974 4065 1090 4121; x_wconf 84' lang='lat' dir='ltr'><strong>detrahit</strong></span> <span class='ocrx_word' id='word_1_271' title='bbox 1102 4075 1168 4120; x_wconf 83' lang='lat' dir='ltr'><strong>teur-</strong></span> 
     </span>
     <span class='ocr_line' id='line_1_40' title="bbox 384 4153 1169 4249; baseline -0.034 -17"><span class='ocrx_word' id='word_1_272' title='bbox 384 4175 502 4249; x_wconf 85' lang='lat' dir='ltr'><strong>perantia</strong></span> <span class='ocrx_word' id='word_1_273' title='bbox 519 4170 658 4239; x_wconf 84' lang='lat' dir='ltr'><strong>uoluptati,</strong></span> <span class='ocrx_word' id='word_1_274' title='bbox 670 4165 750 4220; x_wconf 85' lang='lat' dir='ltr'><strong>otldat</strong></span> <span class='ocrx_word' id='word_1_275' title='bbox 765 4157 943 4217; x_wconf 86' lang='lat' dir='ltr'><strong>nriserieordia</strong></span> <span class='ocrx_word' id='word_1_276' title='bbox 955 4155 1087 4216; x_wconf 80' lang='lat' dir='ltr'><strong>elsarituti.</strong></span> <span class='ocrx_word' id='word_1_277' title='bbox 1102 4153 1169 4222; x_wconf 74' lang='lat' dir='ltr'><strong>erid</strong></span> 
     </span>
     <span class='ocr_line' id='line_1_41' title="bbox 380 4244 1171 4341; baseline -0.033 -15"><span class='ocrx_word' id='word_1_278' title='bbox 380 4271 437 4341; x_wconf 81' lang='lat' dir='ltr'><strong>janu</strong></span> <span class='ocrx_word' id='word_1_279' title='bbox 456 4266 541 4323; x_wconf 82' lang='lat' dir='ltr'><strong>dicatu</strong></span> <span class='ocrx_word' id='word_1_280' title='bbox 561 4262 594 4316; x_wconf 88' lang='lat' dir='ltr'><strong>du</strong></span> <span class='ocrx_word' id='word_1_281' title='bbox 610 4261 655 4316; x_wconf 89' lang='lat' dir='ltr'><strong>illo</strong></span> <span class='ocrx_word' id='word_1_282' title='bbox 674 4271 756 4328; x_wconf 87' lang='lat' dir='ltr'><strong>opere</strong></span> <span class='ocrx_word' id='word_1_283' title='bbox 775 4250 973 4314; x_wconf 78' lang='lat' dir='ltr'><strong>misericordie,</strong></span> <span class='ocrx_word' id='word_1_284' title='bbox 989 4247 1033 4303; x_wconf 92' lang='lat' dir='ltr'><strong>obi</strong></span> <span class='ocrx_word' id='word_1_285' title='bbox 1053 4247 1117 4300; x_wconf 88' lang='lat' dir='ltr'><strong>uilril</strong></span> <span class='ocrx_word' id='word_1_286' title='bbox 1137 4244 1171 4300; x_wconf 87' lang='lat' dir='ltr'><strong>de</strong></span> 
     </span>
     <span class='ocr_line' id='line_1_42' title="bbox 383 4338 1171 4432; baseline -0.032 -15"><span class='ocrx_word' id='word_1_287' title='bbox 383 4360 532 4432; x_wconf 76' lang='lat' dir='ltr'><strong>apothecis,</strong></span> <span class='ocrx_word' id='word_1_288' title='bbox 547 4355 611 4412; x_wconf 80' lang='lat' dir='ltr'><strong>uilril</strong></span> <span class='ocrx_word' id='word_1_289' title='bbox 625 4355 658 4408; x_wconf 83' lang='lat' dir='ltr'><strong>ale</strong></span> <span class='ocrx_word' id='word_1_290' title='bbox 671 4345 959 4417; x_wconf 85' lang='lat' dir='ltr'><strong>saeenloimpeuditnr,</strong></span> <span class='ocrx_word' id='word_1_291' title='bbox 978 4340 1025 4395; x_wconf 88' lang='lat' dir='ltr'><strong>sed</strong></span> <span class='ocrx_word' id='word_1_292' title='bbox 1039 4355 1071 4395; x_wconf 84' lang='lat' dir='ltr'><strong>cn</strong></span> <span class='ocrx_word' id='word_1_293' title='bbox 1091 4338 1171 4394; x_wconf 91' lang='lat' dir='ltr'><strong>corde</strong></span> 
     </span>
     <span class='ocr_line' id='line_1_43' title="bbox 382 4428 1170 4517; baseline -0.03 -10"><span class='ocrx_word' id='word_1_294' title='bbox 382 4452 540 4514; x_wconf 75' lang='lat' dir='ltr'><strong>alirnittitnr3</strong></span> <span class='ocrx_word' id='word_1_295' title='bbox 560 4445 630 4517; x_wconf 90' lang='lat' dir='ltr'><strong>quud</strong></span> <span class='ocrx_word' id='word_1_296' title='bbox 651 4441 735 4512; x_wconf 77' lang='lat' dir='ltr'><strong>tnagis</strong></span> <span class='ocrx_word' id='word_1_297' title='bbox 752 4440 774 4494; x_wconf 89' lang='lat' dir='ltr'><strong>sl</strong></span> <span class='ocrx_word' id='word_1_298' title='bbox 788 4445 906 4501; x_wconf 87' lang='lat' dir='ltr'><strong>maneat,</strong></span> <span class='ocrx_word' id='word_1_299' title='bbox 919 4447 997 4503; x_wconf 90' lang='lat' dir='ltr'><strong>quam</strong></span> <span class='ocrx_word' id='word_1_300' title='bbox 1011 4431 1033 4485; x_wconf 92' lang='lat' dir='ltr'><strong>si</strong></span> <span class='ocrx_word' id='word_1_301' title='bbox 1050 4428 1170 4490; x_wconf 86' lang='lat' dir='ltr'><strong>recedat,</strong></span> 
     </span>
     <span class='ocr_line' id='line_1_44' title="bbox 384 4519 1172 4614; baseline -0.037 -12"><span class='ocrx_word' id='word_1_302' title='bbox 384 4542 476 4614; x_wconf 80' lang='lat' dir='ltr'><strong>imzlpil</strong></span> <span class='ocrx_word' id='word_1_303' title='bbox 488 4555 548 4598; x_wconf 87' lang='lat' dir='ltr'><strong>esse</strong></span> <span class='ocrx_word' id='word_1_304' title='bbox 566 4531 746 4593; x_wconf 75' lang='lat' dir='ltr'><strong>daurnusuml·</strong></span> <span class='ocrx_word' id='word_1_305' title='bbox 757 4528 824 4584; x_wconf 90' lang='lat' dir='ltr'><strong>lram</strong></span> <span class='ocrx_word' id='word_1_306' title='bbox 843 4526 903 4581; x_wconf 88' lang='lat' dir='ltr'><strong>dieo</strong></span> <span class='ocrx_word' id='word_1_307' title='bbox 918 4523 1044 4579; x_wconf 84' lang='lat' dir='ltr'><strong>aduersus</strong></span> <span class='ocrx_word' id='word_1_308' title='bbox 1058 4519 1172 4589; x_wconf 82' lang='lat' dir='ltr'><strong>aliquem</strong></span> 
     </span>
     <span class='ocr_line' id='line_1_45' title="bbox 387 4608 1173 4692; baseline -0.038 -2"><span class='ocrx_word' id='word_1_309' title='bbox 387 4636 416 4692; x_wconf 91' lang='lat' dir='ltr'><strong>iu</strong></span> <span class='ocrx_word' id='word_1_310' title='bbox 429 4632 510 4691; x_wconf 87' lang='lat' dir='ltr'><strong>corde</strong></span> <span class='ocrx_word' id='word_1_311' title='bbox 523 4638 667 4686; x_wconf 79' lang='lat' dir='ltr'><strong>serratam.</strong></span> <span class='ocrx_word' id='word_1_312' title='bbox 681 4621 748 4690; x_wconf 81' lang='lat' dir='ltr'><strong>Quid</strong></span> <span class='ocrx_word' id='word_1_313' title='bbox 762 4627 850 4674; x_wconf 83' lang='lat' dir='ltr'><strong>atatem</strong></span> <span class='ocrx_word' id='word_1_314' title='bbox 865 4614 980 4678; x_wconf 81' lang='lat' dir='ltr'><strong>stultius,</strong></span> <span class='ocrx_word' id='word_1_315' title='bbox 993 4625 1071 4681; x_wconf 85' lang='lat' dir='ltr'><strong>quam</strong></span> <span class='ocrx_word' id='word_1_316' title='bbox 1086 4608 1173 4662; x_wconf 88' lang='lat' dir='ltr'><strong>inimi-</strong></span> 
     </span>
     <span class='ocr_line' id='line_1_46' title="bbox 385 4703 1175 4784; baseline -0.041 0"><span class='ocrx_word' id='word_1_317' title='bbox 385 4744 449 4784; x_wconf 85' lang='lat' dir='ltr'><strong>ctnu</strong></span> <span class='ocrx_word' id='word_1_318' title='bbox 463 4725 608 4780; x_wconf 84' lang='lat' dir='ltr'><strong>lorinsecus</strong></span> <span class='ocrx_word' id='word_1_319' title='bbox 618 4717 745 4780; x_wconf 84' lang='lat' dir='ltr'><strong>deuitare,</strong></span> <span class='ocrx_word' id='word_1_320' title='bbox 758 4709 878 4768; x_wconf 85' lang='lat' dir='ltr'><strong>etumlta</strong></span> <span class='ocrx_word' id='word_1_321' title='bbox 891 4705 1007 4776; x_wconf 76' lang='lat' dir='ltr'><strong>pepnem</strong></span> <span class='ocrx_word' id='word_1_322' title='bbox 1020 4703 1046 4757; x_wconf 88' lang='lat' dir='ltr'><strong>in</strong></span> <span class='ocrx_word' id='word_1_323' title='bbox 1060 4715 1175 4770; x_wconf 76' lang='lat' dir='ltr'><strong>prucor-</strong></span> 
     </span>
     <span class='ocr_line' id='line_1_47' title="bbox 384 4792 1174 4875; baseline -0.042 1"><span class='ocrx_word' id='word_1_324' title='bbox 384 4821 438 4875; x_wconf 88' lang='lat' dir='ltr'><strong>diis</strong></span> <span class='ocrx_word' id='word_1_325' title='bbox 452 4816 552 4874; x_wconf 71' lang='lat' dir='ltr'><strong>muratis</strong></span> <span class='ocrx_word' id='word_1_326' title='bbox 568 4808 699 4868; x_wconf 80' lang='lat' dir='ltr'><strong>retinere?</strong></span> <span class='ocrx_word' id='word_1_327' title='bbox 714 4804 790 4860; x_wconf 79' lang='lat' dir='ltr'><strong>dende</strong></span> <span class='ocrx_word' id='word_1_328' title='bbox 809 4798 952 4871; x_wconf 77' lang='lat' dir='ltr'><strong>Apostolus</strong></span> <span class='ocrx_word' id='word_1_329' title='bbox 972 4794 1046 4857; x_wconf 89' lang='lat' dir='ltr'><strong>dicit,</strong></span> <span class='ocrx_word' id='word_1_330' title='bbox 1062 4792 1110 4847; x_wconf 85' lang='lat' dir='ltr'><strong>Sol</strong></span> <span class='ocrx_word' id='word_1_331' title='bbox 1124 4806 1174 4844; x_wconf 87' lang='lat' dir='ltr'><strong>uon</strong></span> 
     </span>
     <span class='ocr_line' id='line_1_48' title="bbox 386 4880 1174 4977; baseline -0.046 -9"><span class='ocrx_word' id='word_1_332' title='bbox 386 4908 486 4967; x_wconf 73' lang='lat' dir='ltr'><strong>occillet</strong></span> <span class='ocrx_word' id='word_1_333' title='bbox 499 4920 576 4977; x_wconf 83' lang='lat' dir='ltr'><strong>super</strong></span> <span class='ocrx_word' id='word_1_334' title='bbox 589 4897 747 4955; x_wconf 85' lang='lat' dir='ltr'><strong>iracundiam</strong></span> <span class='ocrx_word' id='word_1_335' title='bbox 761 4902 866 4948; x_wconf 82' lang='lat' dir='ltr'><strong>uestram</strong></span> <span class='ocrx_word' id='word_1_336' title='bbox 874 4907 883 4955; x_wconf 91' lang='lat'><strong>,·</strong></span> <span class='ocrx_word' id='word_1_337' title='bbox 903 4900 1016 4956; x_wconf 83' lang='lat' dir='ltr'><strong>utrosque</strong></span> <span class='ocrx_word' id='word_1_338' title='bbox 1030 4880 1174 4950; x_wconf 77' lang='lat' dir='ltr'><strong>subiungit,</strong></span> 
     </span>
     <span class='ocr_line' id='line_1_49' title="bbox 390 4973 1175 5072; baseline -0.039 -16"><span class='ocrx_word' id='word_1_339' title='bbox 390 4990 477 5072; x_wconf 68' lang='lat' dir='ltr'><strong>Neque</strong></span> <span class='ocrx_word' id='word_1_340' title='bbox 488 4997 552 5052; x_wconf 86' lang='lat' dir='ltr'><strong>detis</strong></span> <span class='ocrx_word' id='word_1_341' title='bbox 569 4995 650 5048; x_wconf 78' lang='lat' dir='ltr'><strong>luerem</strong></span> <span class='ocrx_word' id='word_1_342' title='bbox 664 4985 764 5042; x_wconf 84' lang='lat' dir='ltr'><strong>diabole</strong></span> <span class='ocrx_word' id='word_1_343' title='bbox 779 4985 788 5055; x_wconf 75' lang='lat' dir='ltr'><strong>l</strong></span> <span class='ocrx_word' id='word_1_344' title='bbox 802 4982 894 5052; x_wconf 82' lang='lat' dir='ltr'><strong>lipltcs.</strong></span> <span class='ocrx_word' id='word_1_345' title='bbox 910 4977 988 5046; x_wconf 49' lang='lat' dir='ltr'><strong>suffiti</strong></span> <span class='ocrx_word' id='word_1_346' title='bbox 997 4987 1020 5030; x_wconf 85' lang='lat' dir='ltr'><strong>et</strong></span> <span class='ocrx_word' id='word_1_347' title='bbox 1032 4973 1089 5046; x_wconf 81' lang='lat' dir='ltr'><strong>st).</strong></span> <span class='ocrx_word' id='word_1_348' title='bbox 1104 4973 1175 5027; x_wconf 85' lang='lat' dir='ltr'><strong>Tou·</strong></span> 
     </span>
     <span class='ocr_line' id='line_1_50' title="bbox 387 5067 1178 5160; baseline -0.034 -16"><span class='ocrx_word' id='word_1_349' title='bbox 387 5107 468 5160; x_wconf 87' lang='lat' dir='ltr'><strong>quarn</strong></span> <span class='ocrx_word' id='word_1_350' title='bbox 485 5090 535 5142; x_wconf 81' lang='lat' dir='ltr'><strong>lum</strong></span> <span class='ocrx_word' id='word_1_351' title='bbox 547 5093 618 5156; x_wconf 75' lang='lat' dir='ltr'><strong>agat,</strong></span> <span class='ocrx_word' id='word_1_352' title='bbox 633 5081 679 5151; x_wconf 94' lang='lat' dir='ltr'><strong>qni</strong></span> <span class='ocrx_word' id='word_1_353' title='bbox 693 5094 744 5132; x_wconf 85' lang='lat' dir='ltr'><strong>arou</strong></span> <span class='ocrx_word' id='word_1_354' title='bbox 757 5077 810 5130; x_wconf 88' lang='lat' dir='ltr'><strong>citu</strong></span> <span class='ocrx_word' id='word_1_355' title='bbox 826 5074 889 5128; x_wconf 83' lang='lat' dir='ltr'><strong>iram</strong></span> <span class='ocrx_word' id='word_1_356' title='bbox 904 5070 978 5140; x_wconf 77' lang='lat' dir='ltr'><strong>pellit</strong></span> <span class='ocrx_word' id='word_1_357' title='bbox 989 5084 1021 5123; x_wconf 85' lang='grc' dir='ltr'><strong>ιι</strong></span> <span class='ocrx_word' id='word_1_358' title='bbox 1035 5067 1134 5129; x_wconf 83' lang='lat' dir='ltr'><strong>anirrrn,</strong></span> <span class='ocrx_word' id='word_1_359' title='bbox 1149 5072 1178 5117; x_wconf 89' lang='lat' dir='ltr'><strong>nt</strong></span> 
     </span>
     <span class='ocr_line' id='line_1_51' title="bbox 389 5157 1176 5251; baseline -0.038 -14"><span class='ocrx_word' id='word_1_360' title='bbox 389 5199 437 5251; x_wconf 77' lang='lat' dir='ltr'><strong>pm</strong></span> <span class='ocrx_word' id='word_1_361' title='bbox 449 5181 520 5236; x_wconf 91' lang='lat' dir='ltr'><strong>illam</strong></span> <span class='ocrx_word' id='word_1_362' title='bbox 535 5177 606 5232; x_wconf 83' lang='lat' dir='ltr'><strong>uelut</strong></span> <span class='ocrx_word' id='word_1_363' title='bbox 629 5189 675 5243; x_wconf 90' lang='lat' dir='ltr'><strong>per</strong></span> <span class='ocrx_word' id='word_1_364' title='bbox 693 5172 800 5240; x_wconf 74' lang='lat' dir='ltr'><strong>prunum</strong></span> <span class='ocrx_word' id='word_1_365' title='bbox 820 5164 919 5220; x_wconf 85' lang='lat' dir='ltr'><strong>aditum</strong></span> <span class='ocrx_word' id='word_1_366' title='bbox 936 5168 1042 5232; x_wconf 67' lang='lat' dir='ltr'><strong>praestet</strong></span> <span class='ocrx_word' id='word_1_367' title='bbox 1060 5157 1176 5212; x_wconf 83' lang='lat' dir='ltr'><strong>dislmlo.</strong></span> 
     </span>
     <span class='ocr_line' id='line_1_52' title="bbox 390 5251 1179 5337; baseline -0.035 -8"><span class='ocrx_word' id='word_1_368' title='bbox 390 5272 517 5331; x_wconf 87' lang='lat' dir='ltr'><strong>l&#39;rinritns</strong></span> <span class='ocrx_word' id='word_1_369' title='bbox 531 5262 763 5337; x_wconf 71' lang='lat' dir='ltr'><strong>itaqrcagcndum</strong></span> <span class='ocrx_word' id='word_1_370' title='bbox 777 5267 826 5320; x_wconf 84' lang='lat' dir='ltr'><strong>est,</strong></span> <span class='ocrx_word' id='word_1_371' title='bbox 844 5263 873 5310; x_wconf 92' lang='grc' dir='ltr'><strong>ιιι</strong></span> <span class='ocrx_word' id='word_1_372' title='bbox 892 5266 971 5322; x_wconf 87' lang='lat' dir='ltr'><strong>super</strong></span> <span class='ocrx_word' id='word_1_373' title='bbox 987 5251 1052 5305; x_wconf 86' lang='lat' dir='ltr'><strong>iram</strong></span> <span class='ocrx_word' id='word_1_374' title='bbox 1068 5265 1119 5302; x_wconf 90' lang='lat' dir='ltr'><strong>uon</strong></span> <span class='ocrx_word' id='word_1_375' title='bbox 1133 5262 1179 5302; x_wconf 90' lang='lat' dir='ltr'><strong>oe·</strong></span> 
     </span>
     <span class='ocr_line' id='line_1_53' title="bbox 390 5337 1177 5424; baseline -0.041 -3"><span class='ocrx_word' id='word_1_376' title='bbox 390 5365 461 5421; x_wconf 88' lang='lat' dir='ltr'><strong>cidat</strong></span> <span class='ocrx_word' id='word_1_377' title='bbox 474 5363 525 5419; x_wconf 79' lang='lat' dir='ltr'><strong>iste</strong></span> <span class='ocrx_word' id='word_1_378' title='bbox 538 5360 595 5424; x_wconf 85' lang='lat' dir='ltr'><strong>sol;</strong></span> <span class='ocrx_word' id='word_1_379' title='bbox 612 5373 645 5411; x_wconf 94' lang='lat' dir='ltr'><strong>ne</strong></span> <span class='ocrx_word' id='word_1_380' title='bbox 663 5355 768 5408; x_wconf 84' lang='lat' dir='ltr'><strong>deserat</strong></span> <span class='ocrx_word' id='word_1_381' title='bbox 784 5350 866 5419; x_wconf 88' lang='lat' dir='ltr'><strong>ipsam</strong></span> <span class='ocrx_word' id='word_1_382' title='bbox 880 5352 995 5400; x_wconf 86' lang='lat' dir='ltr'><strong>mentem</strong></span> <span class='ocrx_word' id='word_1_383' title='bbox 1005 5339 1114 5409; x_wconf 72' lang='lat' dir='ltr'><strong>justitiae</strong></span> <span class='ocrx_word' id='word_1_384' title='bbox 1126 5337 1177 5391; x_wconf 89' lang='lat' dir='ltr'><strong>sol.</strong></span> 
     </span>
     <span class='ocr_line' id='line_1_54' title="bbox 391 5429 1180 5524; baseline -0.041 -9"><span class='ocrx_word' id='word_1_385' title='bbox 391 5459 445 5514; x_wconf 77' lang='lat' dir='ltr'><strong>Sed</strong></span> <span class='ocrx_word' id='word_1_386' title='bbox 460 5458 486 5513; x_wconf 91' lang='lat' dir='ltr'><strong>in</strong></span> <span class='ocrx_word' id='word_1_387' title='bbox 505 5453 582 5524; x_wconf 81' lang='lat' dir='ltr'><strong>enjus</strong></span> <span class='ocrx_word' id='word_1_388' title='bbox 600 5459 708 5520; x_wconf 86' lang='lat' dir='ltr'><strong>pectore</strong></span> <span class='ocrx_word' id='word_1_389' title='bbox 727 5444 813 5499; x_wconf 89' lang='lat' dir='ltr'><strong>adbuc</strong></span> <span class='ocrx_word' id='word_1_390' title='bbox 833 5454 916 5509; x_wconf 86' lang='lat' dir='ltr'><strong>nsque</strong></span> <span class='ocrx_word' id='word_1_391' title='bbox 930 5433 1083 5507; x_wconf 78' lang='lat' dir='ltr'><strong>perrarausit,</strong></span> <span class='ocrx_word' id='word_1_392' title='bbox 1099 5429 1180 5500; x_wconf 84' lang='lat' dir='ltr'><strong>pellat</strong></span> 
     </span>
     <span class='ocr_line' id='line_1_55' title="bbox 392 5521 1179 5612; baseline -0.039 -7"><span class='ocrx_word' id='word_1_393' title='bbox 392 5564 452 5605; x_wconf 86' lang='lat' dir='ltr'><strong>eam</strong></span> <span class='ocrx_word' id='word_1_394' title='bbox 464 5547 556 5602; x_wconf 86' lang='lat' dir='ltr'><strong>saltem</strong></span> <span class='ocrx_word' id='word_1_395' title='bbox 574 5544 628 5612; x_wconf 78' lang='lat' dir='ltr'><strong>iam</strong></span> <span class='ocrx_word' id='word_1_396' title='bbox 650 5537 785 5609; x_wconf 81' lang='lat' dir='ltr'><strong>prosiauns</strong></span> <span class='ocrx_word' id='word_1_397' title='bbox 797 5533 855 5588; x_wconf 89' lang='lat' dir='ltr'><strong>dies</strong></span> <span class='ocrx_word' id='word_1_398' title='bbox 872 5527 1015 5584; x_wconf 80' lang='lat' dir='ltr'><strong>Domirriee</strong></span> <span class='ocrx_word' id='word_1_399' title='bbox 1036 5521 1179 5594; x_wconf 87' lang='lat' dir='ltr'><strong>passionis,</strong></span> 
     </span>
     <span class='ocr_line' id='line_1_56' title="bbox 390 5614 1180 5713; baseline -0.039 -15"><span class='ocrx_word' id='word_1_400' title='bbox 390 5642 438 5713; x_wconf 89' lang='lat' dir='ltr'><strong>qui</strong></span> <span class='ocrx_word' id='word_1_401' title='bbox 450 5655 503 5696; x_wconf 91' lang='lat' dir='ltr'><strong>nou</strong></span> <span class='ocrx_word' id='word_1_402' title='bbox 517 5648 557 5695; x_wconf 90' lang='lat' dir='ltr'><strong>est</strong></span> <span class='ocrx_word' id='word_1_403' title='bbox 570 5637 653 5690; x_wconf 89' lang='lat' dir='ltr'><strong>iratus</strong></span> <span class='ocrx_word' id='word_1_404' title='bbox 666 5624 879 5686; x_wconf 85' lang='lat' dir='ltr'><strong>interlectoribus</strong></span> <span class='ocrx_word' id='word_1_405' title='bbox 892 5621 966 5685; x_wconf 89' lang='lat' dir='ltr'><strong>suis,</strong></span> <span class='ocrx_word' id='word_1_406' title='bbox 987 5633 1035 5690; x_wconf 92' lang='lat' dir='ltr'><strong>pro</strong></span> <span class='ocrx_word' id='word_1_407' title='bbox 1045 5615 1141 5689; x_wconf 84' lang='lat' dir='ltr'><strong>quibas</strong></span> <span class='ocrx_word' id='word_1_408' title='bbox 1154 5614 1180 5667; x_wconf 92' lang='lat' dir='ltr'><strong>ia</strong></span> 
     </span>
     <span class='ocr_line' id='line_1_57' title="bbox 393 5704 1180 5805; baseline -0.041 -16"><span class='ocrx_word' id='word_1_409' title='bbox 393 5734 466 5805; x_wconf 73' lang='lat' dir='ltr'><strong>ligno</strong></span> <span class='ocrx_word' id='word_1_410' title='bbox 478 5729 598 5802; x_wconf 83' lang='lat' dir='ltr'><strong>pendeus</strong></span> <span class='ocrx_word' id='word_1_411' title='bbox 611 5734 638 5781; x_wconf 93' lang='lat' dir='ltr'><strong>et</strong></span> <span class='ocrx_word' id='word_1_412' title='bbox 660 5736 765 5794; x_wconf 89' lang='lat' dir='ltr'><strong>precem</strong></span> <span class='ocrx_word' id='word_1_413' title='bbox 786 5716 853 5772; x_wconf 88' lang='lat' dir='ltr'><strong>ludit</strong></span> <span class='ocrx_word' id='word_1_414' title='bbox 868 5721 896 5770; x_wconf 89' lang='lat' dir='ltr'><strong>et</strong></span> <span class='ocrx_word' id='word_1_415' title='bbox 918 5709 1072 5780; x_wconf 78' lang='lat' dir='ltr'><strong>sanquinem</strong></span> <span class='ocrx_word' id='word_1_416' title='bbox 1095 5704 1180 5777; x_wconf 81' lang='lat' dir='ltr'><strong>(due.</strong></span> 
     </span>
     <span class='ocr_line' id='line_1_58' title="bbox 395 5807 1183 5890; baseline -0.047 -8"><span class='ocrx_word' id='word_1_417' title='bbox 395 5839 470 5889; x_wconf 80' lang='grc' dir='ltr'>ιιιιι.</span> <span class='ocrx_word' id='word_1_418' title='bbox 485 5823 520 5879; x_wconf 70' lang='lat' dir='ltr'><strong>dl</strong></span> <span class='ocrx_word' id='word_1_419' title='bbox 529 5820 550 5890; x_wconf 77' lang='lat' dir='ltr'><strong>l.</strong></span> <span class='ocrx_word' id='word_1_420' title='bbox 562 5819 590 5875; x_wconf 86' lang='lat' dir='ltr'><strong>lu</strong></span> <span class='ocrx_word' id='word_1_421' title='bbox 604 5815 794 5886; x_wconf 79' lang='lat' dir='ltr'><strong>curjuseuruque</strong></span> <span class='ocrx_word' id='word_1_422' title='bbox 809 5821 871 5876; x_wconf 79' lang='lat' dir='ltr'><strong>erqo</strong></span> <span class='ocrx_word' id='word_1_423' title='bbox 884 5811 1001 5858; x_wconf 83' lang='lat' dir='ltr'><strong>uestrum</strong></span> <span class='ocrx_word' id='word_1_424' title='bbox 1017 5807 1123 5868; x_wconf 87' lang='lat' dir='ltr'><strong>pectore</strong></span> <span class='ocrx_word' id='word_1_425' title='bbox 1137 5811 1183 5847; x_wconf 84' lang='lat' dir='ltr'><strong>ns-</strong></span> 
     </span>
    </p>
   </div>
   <div class='ocr_carea' id='block_1_3' title="bbox 396 5946 1184 6092">
    <p class='ocr_par' dir='ltr' id='par_1_5' title="bbox 396 5946 1184 6092">
     <span class='ocr_line' id='line_1_59' title="bbox 429 5946 1184 6027; baseline -0.044 1"><span class='ocrx_word' id='word_1_426' title='bbox 429 5978 436 6010; x_wconf 86' lang='lat'><strong>¹</strong></span> <span class='ocrx_word' id='word_1_427' title='bbox 451 5984 483 6027; x_wconf 81' lang='lat' dir='ltr'><strong>tta</strong></span> <span class='ocrx_word' id='word_1_428' title='bbox 496 5976 628 6026; x_wconf 81' lang='lat' dir='ltr'><strong>t&#39;lsturinus</strong></span> <span class='ocrx_word' id='word_1_429' title='bbox 643 5977 682 6019; x_wconf 86' lang='lat' dir='ltr'><strong>tts.</strong></span> <span class='ocrx_word' id='word_1_430' title='bbox 703 5966 744 6015; x_wconf 76' lang='lat' dir='ltr'><strong>‚tlii</strong></span> <span class='ocrx_word' id='word_1_431' title='bbox 756 5977 813 6014; x_wconf 79' lang='lat' dir='ltr'><strong>uera</strong></span> <span class='ocrx_word' id='word_1_432' title='bbox 825 5975 880 6011; x_wconf 84' lang='lat' dir='ltr'><strong>enm</strong></span> <span class='ocrx_word' id='word_1_433' title='bbox 898 5966 963 6011; x_wconf 80' lang='lat' dir='ltr'><strong>tor..</strong></span> <span class='ocrx_word' id='word_1_434' title='bbox 983 5960 1004 6003; x_wconf 72' lang='lat' dir='ltr'><strong>et</strong></span> <span class='ocrx_word' id='word_1_435' title='bbox 1016 5949 1126 6018; x_wconf 77' lang='lat' dir='ltr'><strong>apriculis</strong></span> <span class='ocrx_word' id='word_1_436' title='bbox 1139 5946 1184 5997; x_wconf 85' lang='lat' dir='ltr'><strong>all-</strong></span> 
     </span>
     <span class='ocr_line' id='line_1_60' title="bbox 396 6039 489 6092; baseline -0.065 1"><span class='ocrx_word' id='word_1_437' title='bbox 396 6039 489 6092; x_wconf 77' lang='lat' dir='ltr'><strong>umes.</strong></span> 
     </span>
    </p>
   </div>
   <div class='ocr_carea' id='block_1_4' title="bbox 1067 576 1287 635">
    <p class='ocr_par' dir='ltr' id='par_1_6' title="bbox 1067 576 1287 635">
     <span class='ocr_line' id='line_1_61' title="bbox 1067 576 1287 635; baseline -0.032 1"><span class='ocrx_word' id='word_1_438' title='bbox 1067 576 1180 635; x_wconf 70' lang='lat' dir='ltr'><strong>sistite</strong></span> <span class='ocrx_word' id='word_1_439' title='bbox 1199 576 1287 631; x_wconf 66' lang='lat' dir='ltr'><strong>cet-u</strong></span> 
     </span>
    </p>
   </div>
   <div class='ocr_carea' id='block_1_5' title="bbox 1930 579 1999 636">
    <p class='ocr_par' dir='ltr' id='par_1_7' title="bbox 1930 579 1999 636">
     <span class='ocr_line' id='line_1_62' title="bbox 1930 579 1999 636; baseline -0.058 1"><span class='ocrx_word' id='word_1_440' title='bbox 1930 579 1999 636; x_wconf 81' lang='lat' dir='ltr'><strong>tots</strong></span> 
     </span>
    </p>
   </div>
   <div class='ocr_carea' id='block_1_6' title="bbox 1207 689 2000 2206">
    <p class='ocr_par' dir='ltr' id='par_1_8' title="bbox 1207 689 2000 2206">
     <span class='ocr_line' id='line_1_63' title="bbox 1208 689 1994 767; baseline 0.003 -21"><span class='ocrx_word' id='word_1_441' title='bbox 1208 704 1262 761; x_wconf 86' lang='lat' dir='ltr'><strong>que</strong></span> <span class='ocrx_word' id='word_1_442' title='bbox 1273 690 1306 745; x_wconf 88' lang='lat' dir='ltr'><strong>ad</strong></span> <span class='ocrx_word' id='word_1_443' title='bbox 1321 689 1387 745; x_wconf 87' lang='lat' dir='ltr'><strong>istos</strong></span> <span class='ocrx_word' id='word_1_444' title='bbox 1399 699 1505 746; x_wconf 78' lang='lat' dir='ltr'><strong>satietas</strong></span> <span class='ocrx_word' id='word_1_445' title='bbox 1518 690 1575 746; x_wconf 86' lang='lat' dir='ltr'><strong>dies</strong></span> <span class='ocrx_word' id='word_1_446' title='bbox 1594 691 1680 747; x_wconf 85' lang='lat' dir='ltr'><strong>leonte</strong></span> <span class='ocrx_word' id='word_1_447' title='bbox 1692 690 1919 763; x_wconf 83' lang='lat' dir='ltr'><strong>impudentissima</strong></span> <span class='ocrx_word' id='word_1_448' title='bbox 1935 709 1994 767; x_wconf 85' lang='lat' dir='ltr'><strong>per·</strong></span> 
     </span>
     <span class='ocr_line' id='line_1_64' title="bbox 1207 782 1995 855; baseline 0.011 -18"><span class='ocrx_word' id='word_1_449' title='bbox 1207 782 1323 849; x_wconf 73' lang='lat' dir='ltr'><strong>durnin,</strong></span> <span class='ocrx_word' id='word_1_450' title='bbox 1337 797 1407 837; x_wconf 87' lang='lat' dir='ltr'><strong>uurre</strong></span> <span class='ocrx_word' id='word_1_451' title='bbox 1419 782 1480 838; x_wconf 89' lang='lat' dir='ltr'><strong>inde</strong></span> <span class='ocrx_word' id='word_1_452' title='bbox 1492 782 1586 838; x_wconf 83' lang='lat' dir='ltr'><strong>saltem</strong></span> <span class='ocrx_word' id='word_1_453' title='bbox 1602 784 1640 838; x_wconf 86' lang='lat' dir='ltr'><strong>lea</strong></span> <span class='ocrx_word' id='word_1_454' title='bbox 1652 783 1770 840; x_wconf 87' lang='lat' dir='ltr'><strong>discedat</strong></span> <span class='ocrx_word' id='word_1_455' title='bbox 1780 782 1877 855; x_wconf 75' lang='lat' dir='ltr'><strong>(besta</strong></span> <span class='ocrx_word' id='word_1_456' title='bbox 1889 800 1928 854; x_wconf 83' lang='lat' dir='ltr'><strong>ut,</strong></span> <span class='ocrx_word' id='word_1_457' title='bbox 1941 787 1995 855; x_wconf 77' lang='lat' dir='ltr'><strong>tet.</strong></span> 
     </span>
     <span class='ocr_line' id='line_1_65' title="bbox 1209 871 1984 948; baseline 0.003 -21"><span class='ocrx_word' id='word_1_458' title='bbox 1209 881 1237 927; x_wconf 92' lang='lat' dir='ltr'><strong>ut</strong></span> <span class='ocrx_word' id='word_1_459' title='bbox 1256 871 1342 927; x_wconf 90' lang='lat' dir='ltr'><strong>oratio</strong></span> <span class='ocrx_word' id='word_1_460' title='bbox 1360 888 1454 928; x_wconf 82' lang='lat' dir='ltr'><strong>sectum</strong></span> <span class='ocrx_word' id='word_1_461' title='bbox 1473 873 1619 944; x_wconf 85' lang='lat' dir='ltr'><strong>precedat:</strong></span> <span class='ocrx_word' id='word_1_462' title='bbox 1641 888 1691 929; x_wconf 91' lang='lat' dir='ltr'><strong>nee</strong></span> <span class='ocrx_word' id='word_1_463' title='bbox 1705 873 1838 941; x_wconf 86' lang='lat' dir='ltr'><strong>ellendut,</strong></span> <span class='ocrx_word' id='word_1_464' title='bbox 1856 884 1902 931; x_wconf 87' lang='lat' dir='ltr'><strong>aut</strong></span> <span class='ocrx_word' id='word_1_465' title='bbox 1915 877 1984 948; x_wconf 83' lang='lat' dir='ltr'><strong>palpi</strong></span> 
     </span>
     <span class='ocr_line' id='line_1_66' title="bbox 1208 965 1997 1036; baseline 0 -14"><span class='ocrx_word' id='word_1_466' title='bbox 1208 974 1257 1031; x_wconf 89' lang='lat' dir='ltr'><strong>tet,</strong></span> <span class='ocrx_word' id='word_1_467' title='bbox 1269 974 1315 1021; x_wconf 89' lang='lat' dir='ltr'><strong>aut</strong></span> <span class='ocrx_word' id='word_1_468' title='bbox 1327 965 1378 1021; x_wconf 93' lang='lat' dir='ltr'><strong>sub</strong></span> <span class='ocrx_word' id='word_1_469' title='bbox 1390 966 1560 1022; x_wconf 77' lang='lat' dir='ltr'><strong>couscientia</strong></span> <span class='ocrx_word' id='word_1_470' title='bbox 1572 966 1688 1023; x_wconf 89' lang='lat' dir='ltr'><strong>stimolis</strong></span> <span class='ocrx_word' id='word_1_471' title='bbox 1700 966 1876 1036; x_wconf 85' lang='lat' dir='ltr'><strong>obmutescat,</strong></span> <span class='ocrx_word' id='word_1_472' title='bbox 1890 983 1950 1024; x_wconf 86' lang='lat' dir='ltr'><strong>cour</strong></span> <span class='ocrx_word' id='word_1_473' title='bbox 1964 971 1997 1024; x_wconf 85' lang='lat' dir='ltr'><strong>ad</strong></span> 
     </span>
     <span class='ocr_line' id='line_1_67' title="bbox 1208 1055 1998 1127; baseline 0.003 -15"><span class='ocrx_word' id='word_1_474' title='bbox 1208 1072 1269 1113; x_wconf 87' lang='lat' dir='ltr'><strong>eunt</strong></span> <span class='ocrx_word' id='word_1_475' title='bbox 1283 1057 1369 1112; x_wconf 79' lang='lat' dir='ltr'><strong>lamam</strong></span> <span class='ocrx_word' id='word_1_476' title='bbox 1383 1055 1505 1122; x_wconf 81' lang='lat' dir='ltr'><strong>uenerit,</strong></span> <span class='ocrx_word' id='word_1_477' title='bbox 1525 1057 1569 1111; x_wconf 92' lang='lat' dir='ltr'><strong>ubi</strong></span> <span class='ocrx_word' id='word_1_478' title='bbox 1584 1057 1724 1114; x_wconf 90' lang='lat' dir='ltr'><strong>dicendum</strong></span> <span class='ocrx_word' id='word_1_479' title='bbox 1743 1068 1795 1127; x_wconf 89' lang='lat' dir='ltr'><strong>est,</strong></span> <span class='ocrx_word' id='word_1_480' title='bbox 1810 1056 1917 1115; x_wconf 76' lang='lat' dir='ltr'><strong>bintus</strong></span> <span class='ocrx_word' id='word_1_481' title='bbox 1928 1061 1998 1115; x_wconf 81' lang='lat' dir='ltr'><strong>uobis</strong></span> 
     </span>
     <span class='ocr_line' id='line_1_68' title="bbox 1208 1146 1999 1212; baseline 0.004 -10"><span class='ocrx_word' id='word_1_482' title='bbox 1208 1146 1292 1202; x_wconf 72' lang='lat' dir='ltr'><strong>dedita</strong></span> <span class='ocrx_word' id='word_1_483' title='bbox 1304 1155 1400 1212; x_wconf 72' lang='lat' dir='ltr'><strong>staura,</strong></span> <span class='ocrx_word' id='word_1_484' title='bbox 1413 1148 1476 1204; x_wconf 84' lang='lat' dir='ltr'><strong>siem</strong></span> <span class='ocrx_word' id='word_1_485' title='bbox 1488 1156 1512 1202; x_wconf 85' lang='lat' dir='ltr'><strong>et</strong></span> <span class='ocrx_word' id='word_1_486' title='bbox 1525 1164 1571 1203; x_wconf 88' lang='lat' dir='ltr'><strong>uos</strong></span> <span class='ocrx_word' id='word_1_487' title='bbox 1584 1148 1732 1204; x_wconf 83' lang='lat' dir='ltr'><strong>dimittimus</strong></span> <span class='ocrx_word' id='word_1_488' title='bbox 1743 1149 1895 1207; x_wconf 73' lang='lat' dir='ltr'><strong>debitoribus</strong></span> <span class='ocrx_word' id='word_1_489' title='bbox 1905 1153 1999 1206; x_wconf 78' lang='lat' dir='ltr'><strong>uostris</strong></span> 
     </span>
     <span class='ocr_line' id='line_1_69' title="bbox 1209 1237 1996 1310; baseline 0.003 -16"><span class='ocrx_word' id='word_1_490' title='bbox 1209 1237 1315 1308; x_wconf 87' lang='lat' dir='ltr'><strong>(llattb.</strong></span> <span class='ocrx_word' id='word_1_491' title='bbox 1329 1254 1366 1305; x_wconf 81' lang='lat' dir='ltr'><strong>rr,</strong></span> <span class='ocrx_word' id='word_1_492' title='bbox 1380 1238 1439 1310; x_wconf 81' lang='lat' dir='ltr'><strong>tt).</strong></span> <span class='ocrx_word' id='word_1_493' title='bbox 1455 1238 1561 1310; x_wconf 79' lang='lat' dir='ltr'><strong>Aliquid</strong></span> <span class='ocrx_word' id='word_1_494' title='bbox 1578 1237 1684 1309; x_wconf 90' lang='lat' dir='ltr'><strong>petituri</strong></span> <span class='ocrx_word' id='word_1_495' title='bbox 1697 1239 1809 1295; x_wconf 80' lang='lat' dir='ltr'><strong>estisne</strong></span> <span class='ocrx_word' id='word_1_496' title='bbox 1826 1240 1903 1305; x_wconf 79' lang='lat' dir='ltr'><strong>uobis</strong></span> <span class='ocrx_word' id='word_1_497' title='bbox 1917 1243 1996 1297; x_wconf 90' lang='lat' dir='ltr'><strong>retri-</strong></span> 
     </span>
     <span class='ocr_line' id='line_1_70' title="bbox 1209 1329 1997 1403; baseline 0.001 -16"><span class='ocrx_word' id='word_1_498' title='bbox 1209 1331 1314 1397; x_wconf 88' lang='lat' dir='ltr'><strong>buatur,</strong></span> <span class='ocrx_word' id='word_1_499' title='bbox 1327 1331 1463 1401; x_wconf 79' lang='lat' dir='ltr'><strong>etaliprid</strong></span> <span class='ocrx_word' id='word_1_500' title='bbox 1478 1340 1506 1386; x_wconf 89' lang='lat' dir='ltr'><strong>nt</strong></span> <span class='ocrx_word' id='word_1_501' title='bbox 1520 1330 1662 1386; x_wconf 85' lang='lat' dir='ltr'><strong>tribuatur.</strong></span> <span class='ocrx_word' id='word_1_502' title='bbox 1676 1329 1804 1388; x_wconf 80' lang='lat' dir='ltr'><strong>llenlttits</strong></span> <span class='ocrx_word' id='word_1_503' title='bbox 1821 1346 1897 1403; x_wconf 72' lang='lat' dir='ltr'><strong>ergo,</strong></span> <span class='ocrx_word' id='word_1_504' title='bbox 1917 1342 1942 1387; x_wconf 83' lang='lat' dir='ltr'><strong>es</strong></span> <span class='ocrx_word' id='word_1_505' title='bbox 1957 1350 1997 1388; x_wconf 85' lang='lat' dir='ltr'><strong>re-</strong></span> 
     </span>
     <span class='ocr_line' id='line_1_71' title="bbox 1208 1421 1997 1495; baseline 0 -18"><span class='ocrx_word' id='word_1_506' title='bbox 1208 1423 1319 1477; x_wconf 77' lang='lat' dir='ltr'><strong>stitutur</strong></span> <span class='ocrx_word' id='word_1_507' title='bbox 1331 1421 1415 1476; x_wconf 82' lang='lat' dir='ltr'><strong>uobis:</strong></span> <span class='ocrx_word' id='word_1_508' title='bbox 1426 1421 1494 1490; x_wconf 84' lang='lat' dir='ltr'><strong>date,</strong></span> <span class='ocrx_word' id='word_1_509' title='bbox 1508 1430 1531 1476; x_wconf 87' lang='lat' dir='ltr'><strong>et</strong></span> <span class='ocrx_word' id='word_1_510' title='bbox 1542 1422 1643 1476; x_wconf 84' lang='lat' dir='ltr'><strong>dubitur</strong></span> <span class='ocrx_word' id='word_1_511' title='bbox 1651 1423 1720 1477; x_wconf 81' lang='lat' dir='ltr'><strong>uobis</strong></span> <span class='ocrx_word' id='word_1_512' title='bbox 1731 1422 1921 1495; x_wconf 55' lang='lat' dir='ltr'><strong>(loscumbe</strong></span> <span class='ocrx_word' id='word_1_513' title='bbox 1934 1424 1997 1494; x_wconf 75' lang='grc'><strong>38).</strong></span> 
     </span>
     <span class='ocr_line' id='line_1_72' title="bbox 1209 1510 1998 1584; baseline 0.005 -17"><span class='ocrx_word' id='word_1_514' title='bbox 1209 1511 1283 1580; x_wconf 84' lang='lat' dir='ltr'><strong>liare,</strong></span> <span class='ocrx_word' id='word_1_515' title='bbox 1300 1510 1410 1575; x_wconf 73' lang='lat' dir='ltr'><strong>torre.</strong></span> <span class='ocrx_word' id='word_1_516' title='bbox 1425 1512 1528 1573; x_wconf 84' lang='lat' dir='ltr'><strong>etiamst</strong></span> <span class='ocrx_word' id='word_1_517' title='bbox 1544 1527 1596 1568; x_wconf 87' lang='lat' dir='ltr'><strong>rron</strong></span> <span class='ocrx_word' id='word_1_518' title='bbox 1610 1512 1783 1580; x_wconf 87' lang='lat' dir='ltr'><strong>admoneam,</strong></span> <span class='ocrx_word' id='word_1_519' title='bbox 1798 1523 1923 1584; x_wconf 81' lang='lat' dir='ltr'><strong>perpetuu</strong></span> <span class='ocrx_word' id='word_1_520' title='bbox 1938 1531 1998 1571; x_wconf 80' lang='lat' dir='ltr'><strong>irre·</strong></span> 
     </span>
     <span class='ocr_line' id='line_1_73' title="bbox 1208 1602 1998 1661; baseline 0.006 -5"><span class='ocrx_word' id='word_1_521' title='bbox 1208 1602 1337 1657; x_wconf 80' lang='lat' dir='ltr'><strong>ditatione</strong></span> <span class='ocrx_word' id='word_1_522' title='bbox 1346 1616 1447 1657; x_wconf 83' lang='lat' dir='ltr'><strong>errrsru</strong></span> <span class='ocrx_word' id='word_1_523' title='bbox 1461 1602 1574 1658; x_wconf 87' lang='lat' dir='ltr'><strong>debetis.</strong></span> <span class='ocrx_word' id='word_1_524' title='bbox 1587 1602 1652 1657; x_wconf 81' lang='lat' dir='ltr'><strong>Com</strong></span> <span class='ocrx_word' id='word_1_525' title='bbox 1665 1618 1729 1660; x_wconf 85' lang='lat' dir='ltr'><strong>uero</strong></span> <span class='ocrx_word' id='word_1_526' title='bbox 1742 1603 1941 1660; x_wconf 84' lang='lat' dir='ltr'><strong>totditiuumm</strong></span> <span class='ocrx_word' id='word_1_527' title='bbox 1957 1614 1998 1661; x_wconf 86' lang='lat' dir='ltr'><strong>te·</strong></span> 
     </span>
     <span class='ocr_line' id='line_1_74' title="bbox 1210 1695 1999 1771; baseline 0.001 -21"><span class='ocrx_word' id='word_1_528' title='bbox 1210 1695 1398 1750; x_wconf 88' lang='lat' dir='ltr'><strong>stimoniarum</strong></span> <span class='ocrx_word' id='word_1_529' title='bbox 1412 1695 1531 1750; x_wconf 87' lang='lat' dir='ltr'><strong>urinistra</strong></span> <span class='ocrx_word' id='word_1_530' title='bbox 1546 1709 1594 1751; x_wconf 84' lang='lat' dir='ltr'><strong>ror</strong></span> <span class='ocrx_word' id='word_1_531' title='bbox 1606 1704 1695 1750; x_wconf 85' lang='lat' dir='ltr'><strong>nostra</strong></span> <span class='ocrx_word' id='word_1_532' title='bbox 1706 1695 1758 1751; x_wconf 88' lang='lat' dir='ltr'><strong>diei</strong></span> <span class='ocrx_word' id='word_1_533' title='bbox 1771 1711 1876 1771; x_wconf 87' lang='lat' dir='ltr'><strong>quoque</strong></span> <span class='ocrx_word' id='word_1_534' title='bbox 1886 1711 1999 1767; x_wconf 65' lang='lat' dir='ltr'><strong>presert-</strong></span> 
     </span>
     <span class='ocr_line' id='line_1_75' title="bbox 1210 1786 1997 1858; baseline -0.003 -16"><span class='ocrx_word' id='word_1_535' title='bbox 1210 1786 1245 1843; x_wconf 90' lang='lat' dir='ltr'><strong>tis</strong></span> <span class='ocrx_word' id='word_1_536' title='bbox 1257 1788 1413 1843; x_wconf 86' lang='lat' dir='ltr'><strong>celebritate</strong></span> <span class='ocrx_word' id='word_1_537' title='bbox 1425 1788 1547 1858; x_wconf 86' lang='lat' dir='ltr'><strong>juretur;</strong></span> <span class='ocrx_word' id='word_1_538' title='bbox 1564 1788 1659 1844; x_wconf 88' lang='lat' dir='ltr'><strong>timere</strong></span> <span class='ocrx_word' id='word_1_539' title='bbox 1672 1788 1823 1845; x_wconf 84' lang='lat' dir='ltr'><strong>uon-dobeo</strong></span> <span class='ocrx_word' id='word_1_540' title='bbox 1840 1804 1873 1844; x_wconf 92' lang='lat' dir='ltr'><strong>ue</strong></span> <span class='ocrx_word' id='word_1_541' title='bbox 1889 1803 1941 1855; x_wconf 88' lang='lat' dir='ltr'><strong>me,</strong></span> <span class='ocrx_word' id='word_1_542' title='bbox 1955 1789 1997 1842; x_wconf 84' lang='lat' dir='ltr'><strong>rel</strong></span> 
     </span>
     <span class='ocr_line' id='line_1_76' title="bbox 1210 1878 1999 1949; baseline 0.004 -22"><span class='ocrx_word' id='word_1_543' title='bbox 1210 1879 1298 1948; x_wconf 70' lang='lat' dir='ltr'><strong>plutius</strong></span> <span class='ocrx_word' id='word_1_544' title='bbox 1309 1879 1426 1933; x_wconf 77' lang='lat' dir='ltr'><strong>trutinum</strong></span> <span class='ocrx_word' id='word_1_545' title='bbox 1441 1879 1581 1934; x_wconf 85' lang='lat' dir='ltr'><strong>bantinum</strong></span> <span class='ocrx_word' id='word_1_546' title='bbox 1595 1878 1620 1933; x_wconf 90' lang='lat' dir='ltr'><strong>in</strong></span> <span class='ocrx_word' id='word_1_547' title='bbox 1634 1893 1687 1943; x_wconf 83' lang='lat' dir='ltr'><strong>me,</strong></span> <span class='ocrx_word' id='word_1_548' title='bbox 1696 1879 1791 1949; x_wconf 87' lang='lat' dir='ltr'><strong>uliquis</strong></span> <span class='ocrx_word' id='word_1_549' title='bbox 1800 1890 1917 1935; x_wconf 86' lang='lat' dir='ltr'><strong>restmur</strong></span> <span class='ocrx_word' id='word_1_550' title='bbox 1931 1879 1999 1933; x_wconf 87' lang='lat' dir='ltr'><strong>lortn</strong></span> 
     </span>
     <span class='ocr_line' id='line_1_77' title="bbox 1209 1969 2000 2041; baseline -0.003 -17"><span class='ocrx_word' id='word_1_551' title='bbox 1209 1977 1383 2024; x_wconf 77' lang='lat' dir='ltr'><strong>caumatum:</strong></span> <span class='ocrx_word' id='word_1_552' title='bbox 1398 1969 1445 2024; x_wconf 87' lang='lat' dir='ltr'><strong>scd</strong></span> <span class='ocrx_word' id='word_1_553' title='bbox 1458 1984 1567 2041; x_wconf 85' lang='lat' dir='ltr'><strong>sperare</strong></span> <span class='ocrx_word' id='word_1_554' title='bbox 1582 1971 1669 2039; x_wconf 88' lang='lat' dir='ltr'><strong>potius</strong></span> <span class='ocrx_word' id='word_1_555' title='bbox 1680 1970 1750 2040; x_wconf 88' lang='lat' dir='ltr'><strong>qnod</strong></span> <span class='ocrx_word' id='word_1_556' title='bbox 1762 1985 1827 2041; x_wconf 72' lang='lat' dir='ltr'><strong>prex</strong></span> <span class='ocrx_word' id='word_1_557' title='bbox 1842 1971 1899 2037; x_wconf 81' lang='lat' dir='ltr'><strong>ejus</strong></span> <span class='ocrx_word' id='word_1_558' title='bbox 1918 1984 2000 2039; x_wconf 74' lang='lat' dir='ltr'><strong>agaro-</strong></span> 
     </span>
     <span class='ocr_line' id='line_1_78' title="bbox 1209 2058 1999 2130; baseline -0.003 -16"><span class='ocrx_word' id='word_1_559' title='bbox 1209 2075 1286 2114; x_wconf 82' lang='lat' dir='ltr'><strong>seeus</strong></span> <span class='ocrx_word' id='word_1_560' title='bbox 1301 2059 1359 2130; x_wconf 67' lang='lat' dir='ltr'><strong>equs</strong></span> <span class='ocrx_word' id='word_1_561' title='bbox 1379 2059 1528 2130; x_wconf 82' lang='lat' dir='ltr'><strong>essequod</strong></span> <span class='ocrx_word' id='word_1_562' title='bbox 1548 2058 1654 2128; x_wconf 81' lang='lat' dir='ltr'><strong>dicitnr,</strong></span> <span class='ocrx_word' id='word_1_563' title='bbox 1677 2075 1737 2115; x_wconf 88' lang='lat' dir='ltr'><strong>euru</strong></span> <span class='ocrx_word' id='word_1_564' title='bbox 1759 2059 1904 2116; x_wconf 83' lang='lat' dir='ltr'><strong>cilicaciter</strong></span> <span class='ocrx_word' id='word_1_565' title='bbox 1917 2075 1999 2122; x_wconf 80' lang='lat' dir='ltr'><strong>exan-</strong></span> 
     </span>
     <span class='ocr_line' id='line_1_79' title="bbox 1210 2150 1471 2206; baseline -0.004 -1"><span class='ocrx_word' id='word_1_566' title='bbox 1210 2150 1322 2206; x_wconf 87' lang='lat' dir='ltr'><strong>diendns</strong></span> <span class='ocrx_word' id='word_1_567' title='bbox 1338 2150 1471 2205; x_wconf 76' lang='lat' dir='ltr'><strong>esarrtdiut.</strong></span> 
     </span>
    </p>
   </div>
   <div class='ocr_carea' id='block_1_7' title="bbox 1457 2258 1752 2479">
    <p class='ocr_par' dir='ltr' id='par_1_9' title="bbox 1457 2258 1752 2479">
     <span class='ocr_line' id='line_1_80' title="bbox 1457 2258 1752 2335; baseline -0.02 -16"><span class='ocrx_word' id='word_1_568' title='bbox 1457 2258 1688 2327; x_wconf 58' lang='lat' dir='ltr'><strong>SlllllebClX}</strong></span> <span class='ocrx_word' id='word_1_569' title='bbox 1704 2259 1752 2335; x_wconf 77' lang='lat' dir='ltr'><strong>(l.</strong></span> 
     </span>
     <span class='ocr_line' id='line_1_81' title="bbox 1471 2415 1740 2479; baseline -0.03 -7"><span class='ocrx_word' id='word_1_570' title='bbox 1471 2415 1700 2479; x_wconf 62' lang='lat' dir='ltr'><strong>uoumamstno,</strong></span> <span class='ocrx_word' id='word_1_571' title='bbox 1716 2429 1740 2464; x_wconf 81' lang='lat' dir='ltr'><strong>r.</strong></span> 
     </span>
    </p>
   </div>
   <div class='ocr_carea' id='block_1_8' title="bbox 1214 2537 2077 5796">
    <p class='ocr_par' dir='ltr' id='par_1_10' title="bbox 1214 2537 2077 5434">
     <span class='ocr_line' id='line_1_82' title="bbox 1249 2537 1998 2611; baseline -0.008 -16"><span class='ocrx_word' id='word_1_572' title='bbox 1249 2544 1274 2597; x_wconf 91' lang='lat' dir='ltr'><strong>l.</strong></span> <span class='ocrx_word' id='word_1_573' title='bbox 1296 2539 1514 2611; x_wconf 81' lang='lat' dir='ltr'><strong>Qurtdraqesiruali</strong></span> <span class='ocrx_word' id='word_1_574' title='bbox 1532 2540 1702 2595; x_wconf 79' lang='lat' dir='ltr'><strong>obseruatione</strong></span> <span class='ocrx_word' id='word_1_575' title='bbox 1719 2537 1838 2608; x_wconf 71' lang='lat' dir='ltr'><strong>puniendae</strong></span> <span class='ocrx_word' id='word_1_576' title='bbox 1850 2539 1998 2592; x_wconf 84' lang='lat' dir='ltr'><strong>inimicitia.</strong></span> 
     </span>
     <span class='ocr_line' id='line_1_83' title="bbox 1214 2629 2000 2704; baseline -0.008 -16"><span class='ocrx_word' id='word_1_577' title='bbox 1214 2632 1275 2688; x_wconf 83' lang='lat' dir='ltr'><strong>Tria</strong></span> <span class='ocrx_word' id='word_1_578' title='bbox 1297 2634 1374 2698; x_wconf 83' lang='lat' dir='ltr'><strong>sitia,</strong></span> <span class='ocrx_word' id='word_1_579' title='bbox 1397 2630 1487 2704; x_wconf 77' lang='lat' dir='ltr'><strong>attilas</strong></span> <span class='ocrx_word' id='word_1_580' title='bbox 1509 2632 1647 2686; x_wconf 82' lang='lat' dir='ltr'><strong>inirnr&#39;eitic·</strong></span> <span class='ocrx_word' id='word_1_581' title='bbox 1670 2631 1763 2687; x_wconf 75' lang='lat' dir='ltr'><strong>sienne</strong></span> <span class='ocrx_word' id='word_1_582' title='bbox 1783 2629 1908 2686; x_wconf 89' lang='lat' dir='ltr'><strong>Solennre</strong></span> <span class='ocrx_word' id='word_1_583' title='bbox 1932 2639 2000 2685; x_wconf 89' lang='lat' dir='ltr'><strong>tem-</strong></span> 
     </span>
     <span class='ocr_line' id='line_1_84' title="bbox 1214 2721 2000 2799; baseline -0.011 -17"><span class='ocrx_word' id='word_1_584' title='bbox 1214 2741 1263 2799; x_wconf 89' lang='lat' dir='ltr'><strong>pus</strong></span> <span class='ocrx_word' id='word_1_585' title='bbox 1287 2725 1406 2791; x_wconf 75' lang='lat' dir='ltr'><strong>aduenit,</strong></span> <span class='ocrx_word' id='word_1_586' title='bbox 1430 2723 1537 2796; x_wconf 87' lang='lat' dir='ltr'><strong>quaudo</strong></span> <span class='ocrx_word' id='word_1_587' title='bbox 1561 2724 1596 2779; x_wconf 87' lang='lat' dir='ltr'><strong>de</strong></span> <span class='ocrx_word' id='word_1_588' title='bbox 1613 2724 1701 2778; x_wconf 73' lang='lat' dir='ltr'><strong>areima</strong></span> <span class='ocrx_word' id='word_1_589' title='bbox 1720 2722 1848 2779; x_wconf 85' lang='lat' dir='ltr'><strong>attentius</strong></span> <span class='ocrx_word' id='word_1_590' title='bbox 1861 2721 2000 2794; x_wconf 73' lang='lat' dir='ltr'><strong>cogitanda</strong></span> 
     </span>
     <span class='ocr_line' id='line_1_85' title="bbox 1214 2811 2000 2888; baseline -0.011 -14"><span class='ocrx_word' id='word_1_591' title='bbox 1214 2826 1376 2888; x_wconf 83' lang='lat' dir='ltr'><strong>st-cerpare</strong></span> <span class='ocrx_word' id='word_1_592' title='bbox 1398 2814 1552 2887; x_wconf 74' lang='lat' dir='ltr'><strong>castigando</strong></span> <span class='ocrx_word' id='word_1_593' title='bbox 1576 2822 1690 2869; x_wconf 80' lang='lat' dir='ltr'><strong>uestram</strong></span> <span class='ocrx_word' id='word_1_594' title='bbox 1721 2827 1905 2869; x_wconf 86' lang='lat' dir='ltr'><strong>commoneam</strong></span> <span class='ocrx_word' id='word_1_595' title='bbox 1931 2811 2000 2867; x_wconf 81' lang='lat' dir='ltr'><strong>Clus-</strong></span> 
     </span>
     <span class='ocr_line' id='line_1_86' title="bbox 1215 2903 2003 2981; baseline -0.009 -17"><span class='ocrx_word' id='word_1_596' title='bbox 1215 2911 1331 2965; x_wconf 85' lang='lat' dir='ltr'><strong>ritstem.</strong></span> <span class='ocrx_word' id='word_1_597' title='bbox 1361 2907 1393 2963; x_wconf 88' lang='lat' dir='ltr'><strong>lli</strong></span> <span class='ocrx_word' id='word_1_598' title='bbox 1419 2914 1481 2962; x_wconf 90' lang='lat' dir='ltr'><strong>srrrrt</strong></span> <span class='ocrx_word' id='word_1_599' title='bbox 1501 2906 1571 2981; x_wconf 84' lang='lat' dir='ltr'><strong>euim</strong></span> <span class='ocrx_word' id='word_1_600' title='bbox 1599 2903 1772 2976; x_wconf 74' lang='lat' dir='ltr'><strong>quadraginta</strong></span> <span class='ocrx_word' id='word_1_601' title='bbox 1797 2903 1855 2959; x_wconf 89' lang='lat' dir='ltr'><strong>dies</strong></span> <span class='ocrx_word' id='word_1_602' title='bbox 1879 2903 2003 2959; x_wconf 90' lang='lat' dir='ltr'><strong>sacratis-</strong></span> 
     </span>
     <span class='ocr_line' id='line_1_87' title="bbox 1214 2994 2002 3068; baseline -0.011 -13"><span class='ocrx_word' id='word_1_603' title='bbox 1214 2999 1275 3055; x_wconf 85' lang='lat' dir='ltr'><strong>simi</strong></span> <span class='ocrx_word' id='word_1_604' title='bbox 1292 3007 1347 3055; x_wconf 92' lang='lat' dir='ltr'><strong>toto</strong></span> <span class='ocrx_word' id='word_1_605' title='bbox 1366 2998 1430 3055; x_wconf 85' lang='lat' dir='ltr'><strong>arbe</strong></span> <span class='ocrx_word' id='word_1_606' title='bbox 1444 3005 1587 3063; x_wconf 89' lang='lat' dir='ltr'><strong>terrarum,</strong></span> <span class='ocrx_word' id='word_1_607' title='bbox 1601 3012 1669 3068; x_wconf 89' lang='lat' dir='ltr'><strong>quas</strong></span> <span class='ocrx_word' id='word_1_608' title='bbox 1691 2995 1883 3066; x_wconf 88' lang='lat' dir='ltr'><strong>propinquante</strong></span> <span class='ocrx_word' id='word_1_609' title='bbox 1903 2994 2002 3050; x_wconf 81' lang='lat' dir='ltr'><strong>Posclrn</strong></span> 
     </span>
     <span class='ocr_line' id='line_1_88' title="bbox 1216 3087 2002 3162; baseline -0.014 -12"><span class='ocrx_word' id='word_1_610' title='bbox 1216 3095 1355 3150; x_wconf 84' lang='lat' dir='ltr'><strong>urriuersus</strong></span> <span class='ocrx_word' id='word_1_611' title='bbox 1367 3091 1491 3159; x_wconf 88' lang='lat' dir='ltr'><strong>mondus,</strong></span> <span class='ocrx_word' id='word_1_612' title='bbox 1511 3106 1589 3162; x_wconf 89' lang='lat' dir='ltr'><strong>quem</strong></span> <span class='ocrx_word' id='word_1_613' title='bbox 1606 3090 1675 3147; x_wconf 85' lang='lat' dir='ltr'><strong>Deus</strong></span> <span class='ocrx_word' id='word_1_614' title='bbox 1690 3090 1715 3144; x_wconf 94' lang='lat' dir='ltr'><strong>in</strong></span> <span class='ocrx_word' id='word_1_615' title='bbox 1730 3088 1837 3145; x_wconf 82' lang='lat' dir='ltr'><strong>Christo</strong></span> <span class='ocrx_word' id='word_1_616' title='bbox 1851 3087 2002 3144; x_wconf 86' lang='lat' dir='ltr'><strong>reconciliat</strong></span> 
     </span>
     <span class='ocr_line' id='line_1_89' title="bbox 1216 3177 2002 3256; baseline -0.013 -15"><span class='ocrx_word' id='word_1_617' title='bbox 1216 3186 1277 3252; x_wconf 77' lang='lat' dir='ltr'><strong>sttui,</strong></span> <span class='ocrx_word' id='word_1_618' title='bbox 1297 3183 1464 3256; x_wconf 73' lang='lat' dir='ltr'><strong>predicanda</strong></span> <span class='ocrx_word' id='word_1_619' title='bbox 1476 3182 1620 3241; x_wconf 84' lang='lat' dir='ltr'><strong>deuotione</strong></span> <span class='ocrx_word' id='word_1_620' title='bbox 1633 3179 1812 3245; x_wconf 80' lang='lat' dir='ltr'><strong>coucelebrat.</strong></span> <span class='ocrx_word' id='word_1_621' title='bbox 1838 3178 1942 3249; x_wconf 57' lang='lat' dir='ltr'><strong>Siqtqe,</strong></span> <span class='ocrx_word' id='word_1_622' title='bbox 1954 3177 2002 3232; x_wconf 91' lang='lat' dir='ltr'><strong>ini·</strong></span> 
     </span>
     <span class='ocr_line' id='line_1_90' title="bbox 1217 3271 2004 3348; baseline -0.011 -15"><span class='ocrx_word' id='word_1_623' title='bbox 1217 3277 1334 3345; x_wconf 68' lang='lat' dir='ltr'><strong>micitia,</strong></span> <span class='ocrx_word' id='word_1_624' title='bbox 1347 3291 1407 3348; x_wconf 77' lang='lat' dir='ltr'><strong>quse</strong></span> <span class='ocrx_word' id='word_1_625' title='bbox 1427 3275 1468 3333; x_wconf 82' lang='lat' dir='ltr'><strong>ael</strong></span> <span class='ocrx_word' id='word_1_626' title='bbox 1488 3274 1560 3329; x_wconf 86' lang='lat' dir='ltr'><strong>nasci</strong></span> <span class='ocrx_word' id='word_1_627' title='bbox 1575 3289 1629 3338; x_wconf 85' lang='lat' dir='ltr'><strong>uon</strong></span> <span class='ocrx_word' id='word_1_628' title='bbox 1638 3272 1802 3338; x_wconf 83' lang='lat' dir='ltr'><strong>debuerunt,</strong></span> <span class='ocrx_word' id='word_1_629' title='bbox 1816 3271 1858 3327; x_wconf 81' lang='lat' dir='ltr'><strong>rel</strong></span> <span class='ocrx_word' id='word_1_630' title='bbox 1869 3271 2004 3334; x_wconf 69' lang='lat' dir='ltr'><strong>altanus</strong></span> 
     </span>
     <span class='ocr_line' id='line_1_91' title="bbox 1216 3362 2005 3435; baseline -0.01 -10"><span class='ocrx_word' id='word_1_631' title='bbox 1216 3369 1376 3434; x_wconf 88' lang='lat' dir='ltr'><strong>debuemnt,</strong></span> <span class='ocrx_word' id='word_1_632' title='bbox 1387 3375 1414 3422; x_wconf 90' lang='lat' dir='ltr'><strong>et</strong></span> <span class='ocrx_word' id='word_1_633' title='bbox 1424 3375 1511 3422; x_wconf 70' lang='lat' dir='ltr'><strong>umen</strong></span> <span class='ocrx_word' id='word_1_634' title='bbox 1527 3381 1610 3435; x_wconf 80' lang='lat' dir='ltr'><strong>usque</strong></span> <span class='ocrx_word' id='word_1_635' title='bbox 1623 3364 1656 3419; x_wconf 86' lang='lat' dir='ltr'><strong>ad</strong></span> <span class='ocrx_word' id='word_1_636' title='bbox 1672 3362 1724 3421; x_wconf 91' lang='lat' dir='ltr'><strong>boc</strong></span> <span class='ocrx_word' id='word_1_637' title='bbox 1736 3374 1840 3433; x_wconf 86' lang='lat' dir='ltr'><strong>tempus</strong></span> <span class='ocrx_word' id='word_1_638' title='bbox 1852 3363 1908 3422; x_wconf 84' lang='lat' dir='ltr'><strong>sire</strong></span> <span class='ocrx_word' id='word_1_639' title='bbox 1921 3365 2005 3433; x_wconf 74' lang='lat' dir='ltr'><strong>negli-</strong></span> 
     </span>
     <span class='ocr_line' id='line_1_92' title="bbox 1217 3452 2006 3531; baseline -0.006 -15"><span class='ocrx_word' id='word_1_640' title='bbox 1217 3460 1316 3531; x_wconf 69' lang='lat' dir='ltr'><strong>gentis,</strong></span> <span class='ocrx_word' id='word_1_641' title='bbox 1327 3459 1382 3514; x_wconf 87' lang='lat' dir='ltr'><strong>siue</strong></span> <span class='ocrx_word' id='word_1_642' title='bbox 1395 3455 1549 3528; x_wconf 81' lang='lat' dir='ltr'><strong>pertinacia,</strong></span> <span class='ocrx_word' id='word_1_643' title='bbox 1562 3455 1619 3515; x_wconf 83' lang='lat' dir='ltr'><strong>sire</strong></span> <span class='ocrx_word' id='word_1_644' title='bbox 1631 3470 1683 3510; x_wconf 92' lang='lat' dir='ltr'><strong>uon</strong></span> <span class='ocrx_word' id='word_1_645' title='bbox 1697 3454 1828 3519; x_wconf 86' lang='lat' dir='ltr'><strong>modesta,</strong></span> <span class='ocrx_word' id='word_1_646' title='bbox 1838 3452 1884 3513; x_wconf 90' lang='lat' dir='ltr'><strong>sed</strong></span> <span class='ocrx_word' id='word_1_647' title='bbox 1894 3455 2006 3525; x_wconf 86' lang='lat' dir='ltr'><strong>superba</strong></span> 
     </span>
     <span class='ocr_line' id='line_1_93' title="bbox 1218 3547 2006 3619; baseline -0.009 -12"><span class='ocrx_word' id='word_1_648' title='bbox 1218 3551 1386 3615; x_wconf 77' lang='lat' dir='ltr'><strong>uerecundia,</strong></span> <span class='ocrx_word' id='word_1_649' title='bbox 1398 3550 1467 3606; x_wconf 88' lang='lat' dir='ltr'><strong>irrtcr</strong></span> <span class='ocrx_word' id='word_1_650' title='bbox 1478 3548 1573 3607; x_wconf 87' lang='lat' dir='ltr'><strong>iratres</strong></span> <span class='ocrx_word' id='word_1_651' title='bbox 1585 3547 1730 3619; x_wconf 89' lang='lat' dir='ltr'><strong>perdurare</strong></span> <span class='ocrx_word' id='word_1_652' title='bbox 1741 3554 1898 3619; x_wconf 85' lang='lat' dir='ltr'><strong>patuerant;</strong></span> <span class='ocrx_word' id='word_1_653' title='bbox 1912 3547 2006 3601; x_wconf 89' lang='lat' dir='ltr'><strong>saltem</strong></span> 
     </span>
     <span class='ocr_line' id='line_1_94' title="bbox 1220 3636 2077 3710; baseline -0.011 -12"><span class='ocrx_word' id='word_1_654' title='bbox 1220 3643 1299 3698; x_wconf 87' lang='lat' dir='ltr'><strong>trrodo</strong></span> <span class='ocrx_word' id='word_1_655' title='bbox 1313 3642 1447 3696; x_wconf 81' lang='lat' dir='ltr'><strong>finiantur.</strong></span> <span class='ocrx_word' id='word_1_656' title='bbox 1463 3639 1550 3710; x_wconf 87' lang='lat' dir='ltr'><strong>Super</strong></span> <span class='ocrx_word' id='word_1_657' title='bbox 1568 3638 1687 3709; x_wconf 84' lang='lat' dir='ltr'><strong>quassat</strong></span> <span class='ocrx_word' id='word_1_658' title='bbox 1704 3654 1755 3693; x_wconf 92' lang='lat' dir='ltr'><strong>nou</strong></span> <span class='ocrx_word' id='word_1_659' title='bbox 1781 3637 1873 3696; x_wconf 86' lang='lat' dir='ltr'><strong>debuit</strong></span> <span class='ocrx_word' id='word_1_660' title='bbox 1887 3636 2009 3691; x_wconf 90' lang='lat' dir='ltr'><strong>occidere</strong></span> <span class='ocrx_word' id='word_1_661' title='bbox 2074 3667 2077 3673; x_wconf 87' lang='lat'>·</span> 
     </span>
     <span class='ocr_line' id='line_1_95' title="bbox 1222 3727 2008 3805; baseline -0.009 -17"><span class='ocrx_word' id='word_1_662' title='bbox 1222 3733 1327 3805; x_wconf 76' lang='lat' dir='ltr'><strong>(Epicu.</strong></span> <span class='ocrx_word' id='word_1_663' title='bbox 1343 3748 1380 3800; x_wconf 88' lang='lat' dir='ltr'><strong>ru,</strong></span> <span class='ocrx_word' id='word_1_664' title='bbox 1392 3731 1450 3804; x_wconf 64' lang='grc' dir='ltr'>ιθ),</span> <span class='ocrx_word' id='word_1_665' title='bbox 1472 3731 1566 3793; x_wconf 82' lang='lat' dir='ltr'><strong>saltem</strong></span> <span class='ocrx_word' id='word_1_666' title='bbox 1581 3739 1640 3800; x_wconf 91' lang='lat' dir='ltr'><strong>past</strong></span> <span class='ocrx_word' id='word_1_667' title='bbox 1654 3728 1751 3784; x_wconf 89' lang='lat' dir='ltr'><strong>multos</strong></span> <span class='ocrx_word' id='word_1_668' title='bbox 1762 3727 1826 3786; x_wconf 91' lang='lat' dir='ltr'><strong>solis</strong></span> <span class='ocrx_word' id='word_1_669' title='bbox 1839 3737 1912 3782; x_wconf 91' lang='lat' dir='ltr'><strong>ortus</strong></span> <span class='ocrx_word' id='word_1_670' title='bbox 1923 3737 1950 3782; x_wconf 88' lang='lat' dir='ltr'><strong>et</strong></span> <span class='ocrx_word' id='word_1_671' title='bbox 1962 3742 2008 3781; x_wconf 91' lang='lat' dir='ltr'><strong>oc·</strong></span> 
     </span>
     <span class='ocr_line' id='line_1_96' title="bbox 1220 3818 2010 3897; baseline -0.015 -16"><span class='ocrx_word' id='word_1_672' title='bbox 1220 3818 2010 3897; x_wconf 55' lang='lat' dir='ltr'><strong>eastrefetiamipsaesnotaudemuliqusudoexstinguantur</strong></span> 
     </span>
     <span class='ocr_line' id='line_1_97' title="bbox 1221 3898 2012 3980; baseline -0.013 -9"><span class='ocrx_word' id='word_1_673' title='bbox 1221 3898 2012 3980; x_wconf 66' lang='lat' dir='ltr'><strong>occasuqueculmriusnllureuouenturcxortu.Negliqem</strong></span> 
     </span>
     <span class='ocr_line' id='line_1_98' title="bbox 1222 4002 2009 4075; baseline -0.01 -12"><span class='ocrx_word' id='word_1_674' title='bbox 1222 4007 1372 4075; x_wconf 79' lang='lat' dir='ltr'><strong>ipirrrieitias</strong></span> <span class='ocrx_word' id='word_1_675' title='bbox 1394 4005 1470 4061; x_wconf 85' lang='lat' dir='ltr'><strong>drrire</strong></span> <span class='ocrx_word' id='word_1_676' title='bbox 1490 4003 1816 4074; x_wconf 61' lang='lat' dir='ltr'><strong>oblivisciturspertiuas</strong></span> <span class='ocrx_word' id='word_1_677' title='bbox 1837 4002 1941 4058; x_wconf 81' lang='lat' dir='ltr'><strong>serrium</strong></span> <span class='ocrx_word' id='word_1_678' title='bbox 1957 4017 2009 4056; x_wconf 92' lang='lat' dir='ltr'><strong>nun</strong></span> 
     </span>
     <span class='ocr_line' id='line_1_99' title="bbox 1222 4094 2011 4168; baseline -0.005 -15"><span class='ocrx_word' id='word_1_679' title='bbox 1222 4101 1278 4155; x_wconf 84' lang='lat' dir='ltr'><strong>uult</strong></span> <span class='ocrx_word' id='word_1_680' title='bbox 1298 4097 1456 4165; x_wconf 84' lang='lat' dir='ltr'><strong>concedere,</strong></span> <span class='ocrx_word' id='word_1_681' title='bbox 1480 4112 1540 4152; x_wconf 92' lang='lat' dir='ltr'><strong>eum</strong></span> <span class='ocrx_word' id='word_1_682' title='bbox 1566 4105 1695 4168; x_wconf 57' lang='lat' dir='ltr'><strong>rogatam</strong></span> <span class='ocrx_word' id='word_1_683' title='bbox 1710 4095 1825 4165; x_wconf 90' lang='lat' dir='ltr'><strong>superbe</strong></span> <span class='ocrx_word' id='word_1_684' title='bbox 1847 4094 2011 4151; x_wconf 77' lang='lat' dir='ltr'><strong>verecundus</strong></span> 
     </span>
     <span class='ocr_line' id='line_1_100' title="bbox 1224 4185 2011 4261; baseline -0.011 -16"><span class='ocrx_word' id='word_1_685' title='bbox 1224 4192 1326 4249; x_wconf 85' lang='lat' dir='ltr'><strong>ueniam</strong></span> <span class='ocrx_word' id='word_1_686' title='bbox 1342 4199 1432 4261; x_wconf 89' lang='lat' dir='ltr'><strong>petere</strong></span> <span class='ocrx_word' id='word_1_687' title='bbox 1443 4187 1611 4259; x_wconf 77' lang='lat' dir='ltr'><strong>dedignatur.</strong></span> <span class='ocrx_word' id='word_1_688' title='bbox 1630 4187 1675 4242; x_wconf 89' lang='lat' dir='ltr'><strong>llis</strong></span> <span class='ocrx_word' id='word_1_689' title='bbox 1689 4187 1772 4243; x_wconf 90' lang='lat' dir='ltr'><strong>tribus</strong></span> <span class='ocrx_word' id='word_1_690' title='bbox 1785 4186 1856 4241; x_wconf 84' lang='lat' dir='ltr'><strong>uitiis</strong></span> <span class='ocrx_word' id='word_1_691' title='bbox 1867 4185 2011 4240; x_wconf 76' lang='lat' dir='ltr'><strong>inimicitior</strong></span> 
     </span>
     <span class='ocr_line' id='line_1_101' title="bbox 1224 4275 2011 4349; baseline -0.01 -13"><span class='ocrx_word' id='word_1_692' title='bbox 1224 4282 1315 4337; x_wconf 77' lang='lat' dir='ltr'><strong>uiuunt</strong></span> <span class='ocrx_word' id='word_1_693' title='bbox 1328 4299 1335 4335; x_wconf 92' lang='lat'>:</span> <span class='ocrx_word' id='word_1_694' title='bbox 1349 4279 1395 4335; x_wconf 89' lang='lat' dir='ltr'><strong>sed</strong></span> <span class='ocrx_word' id='word_1_695' title='bbox 1414 4279 1518 4334; x_wconf 89' lang='lat' dir='ltr'><strong>animas</strong></span> <span class='ocrx_word' id='word_1_696' title='bbox 1542 4278 1678 4349; x_wconf 88' lang='lat' dir='ltr'><strong>inquibus</strong></span> <span class='ocrx_word' id='word_1_697' title='bbox 1693 4292 1745 4333; x_wconf 91' lang='lat' dir='ltr'><strong>nou</strong></span> <span class='ocrx_word' id='word_1_698' title='bbox 1766 4277 1925 4341; x_wconf 85' lang='lat' dir='ltr'><strong>utorinntur,</strong></span> <span class='ocrx_word' id='word_1_699' title='bbox 1939 4275 2011 4329; x_wconf 90' lang='lat' dir='ltr'><strong>ocei-</strong></span> 
     </span>
     <span class='ocr_line' id='line_1_102' title="bbox 1223 4365 2012 4440; baseline -0.016 -11"><span class='ocrx_word' id='word_1_700' title='bbox 1223 4370 1299 4429; x_wconf 89' lang='lat' dir='ltr'><strong>daut.</strong></span> <span class='ocrx_word' id='word_1_701' title='bbox 1325 4369 1421 4440; x_wconf 73' lang='lat' dir='ltr'><strong>vigilet</strong></span> <span class='ocrx_word' id='word_1_702' title='bbox 1442 4379 1534 4425; x_wconf 88' lang='lat' dir='ltr'><strong>contra</strong></span> <span class='ocrx_word' id='word_1_703' title='bbox 1558 4366 1743 4438; x_wconf 73' lang='lat' dir='ltr'><strong>negligentiam</strong></span> <span class='ocrx_word' id='word_1_704' title='bbox 1763 4365 1900 4429; x_wconf 81' lang='lat' dir='ltr'><strong>meritoria,</strong></span> <span class='ocrx_word' id='word_1_705' title='bbox 1921 4373 2012 4418; x_wconf 86' lang='lat' dir='ltr'><strong>eontra</strong></span> 
     </span>
     <span class='ocr_line' id='line_1_103' title="bbox 1225 4455 2013 4533; baseline -0.01 -19"><span class='ocrx_word' id='word_1_706' title='bbox 1225 4461 1395 4533; x_wconf 87' lang='lat' dir='ltr'><strong>pertinaciam</strong></span> <span class='ocrx_word' id='word_1_707' title='bbox 1408 4456 1600 4523; x_wconf 89' lang='lat' dir='ltr'><strong>misericordia,</strong></span> <span class='ocrx_word' id='word_1_708' title='bbox 1615 4463 1707 4512; x_wconf 92' lang='lat' dir='ltr'><strong>contra</strong></span> <span class='ocrx_word' id='word_1_709' title='bbox 1722 4455 1862 4526; x_wconf 84' lang='lat' dir='ltr'><strong>superbum</strong></span> <span class='ocrx_word' id='word_1_710' title='bbox 1884 4469 2013 4510; x_wconf 86' lang='lat' dir='ltr'><strong>uerecun-</strong></span> 
     </span>
     <span class='ocr_line' id='line_1_104' title="bbox 1225 4543 2015 4617; baseline -0.014 -10"><span class='ocrx_word' id='word_1_711' title='bbox 1225 4548 1297 4607; x_wconf 83' lang='lat' dir='ltr'><strong>diam</strong></span> <span class='ocrx_word' id='word_1_712' title='bbox 1306 4549 1438 4614; x_wconf 80' lang='lat' dir='ltr'><strong>snbmisss</strong></span> <span class='ocrx_word' id='word_1_713' title='bbox 1462 4547 1613 4617; x_wconf 75' lang='lat' dir='ltr'><strong>prrrrdcrrtia.</strong></span> <span class='ocrx_word' id='word_1_714' title='bbox 1637 4545 1687 4613; x_wconf 80' lang='lat' dir='ltr'><strong>Qut</strong></span> <span class='ocrx_word' id='word_1_715' title='bbox 1701 4559 1730 4601; x_wconf 87' lang='lat' dir='ltr'><strong>se</strong></span> <span class='ocrx_word' id='word_1_716' title='bbox 1751 4543 1903 4601; x_wconf 76' lang='lat' dir='ltr'><strong>eooeaottae</strong></span> <span class='ocrx_word' id='word_1_717' title='bbox 1922 4544 2015 4599; x_wconf 90' lang='lat' dir='ltr'><strong>rceolit</strong></span> 
     </span>
     <span class='ocr_line' id='line_1_105' title="bbox 1226 4635 2014 4712; baseline -0.009 -16"><span class='ocrx_word' id='word_1_718' title='bbox 1226 4643 1415 4712; x_wconf 74' lang='lat' dir='ltr'><strong>neglectorem,</strong></span> <span class='ocrx_word' id='word_1_719' title='bbox 1438 4638 1553 4693; x_wconf 77' lang='lat' dir='ltr'><strong>excrutiet</strong></span> <span class='ocrx_word' id='word_1_720' title='bbox 1572 4635 1781 4708; x_wconf 75' lang='lat' dir='ltr'><strong>expergiscendo</strong></span> <span class='ocrx_word' id='word_1_721' title='bbox 1802 4645 1935 4706; x_wconf 90' lang='lat' dir='ltr'><strong>torperem</strong></span> <span class='ocrx_word' id='word_1_722' title='bbox 1950 4653 1956 4690; x_wconf 92' lang='lat'><strong>:</strong></span> <span class='ocrx_word' id='word_1_723' title='bbox 1970 4637 2014 4706; x_wconf 90' lang='lat' dir='ltr'><strong>qui</strong></span> 
     </span>
     <span class='ocr_line' id='line_1_106' title="bbox 1226 4724 2017 4799; baseline -0.008 -14"><span class='ocrx_word' id='word_1_724' title='bbox 1226 4746 1257 4785; x_wconf 89' lang='lat' dir='ltr'><strong>se</strong></span> <span class='ocrx_word' id='word_1_725' title='bbox 1269 4730 1341 4799; x_wconf 90' lang='lat' dir='ltr'><strong>cupit</strong></span> <span class='ocrx_word' id='word_1_726' title='bbox 1357 4743 1416 4784; x_wconf 90' lang='lat' dir='ltr'><strong>csse</strong></span> <span class='ocrx_word' id='word_1_727' title='bbox 1430 4728 1469 4783; x_wconf 89' lang='lat' dir='ltr'><strong>sui</strong></span> <span class='ocrx_word' id='word_1_728' title='bbox 1491 4724 1619 4783; x_wconf 85' lang='lat' dir='ltr'><strong>debitoris</strong></span> <span class='ocrx_word' id='word_1_729' title='bbox 1632 4736 1794 4791; x_wconf 84' lang='lat' dir='ltr'><strong>exactorem,</strong></span> <span class='ocrx_word' id='word_1_730' title='bbox 1814 4726 1861 4781; x_wconf 77' lang='lat' dir='ltr'><strong>liei</strong></span> <span class='ocrx_word' id='word_1_731' title='bbox 1875 4742 1906 4782; x_wconf 89' lang='lat' dir='ltr'><strong>se</strong></span> <span class='ocrx_word' id='word_1_732' title='bbox 1918 4727 2017 4796; x_wconf 75' lang='lat' dir='ltr'><strong>cogitet</strong></span> 
     </span>
     <span class='ocr_line' id='line_1_107' title="bbox 1227 4818 2016 4890; baseline -0.011 -12"><span class='ocrx_word' id='word_1_733' title='bbox 1227 4821 1373 4886; x_wconf 81' lang='lat' dir='ltr'><strong>debitorem</strong></span> <span class='ocrx_word' id='word_1_734' title='bbox 1391 4839 1397 4875; x_wconf 93' lang='lat'>:</span> <span class='ocrx_word' id='word_1_735' title='bbox 1413 4821 1456 4890; x_wconf 93' lang='lat' dir='ltr'><strong>qni</strong></span> <span class='ocrx_word' id='word_1_736' title='bbox 1476 4819 1609 4877; x_wconf 84' lang='lat' dir='ltr'><strong>crrtbcseit</strong></span> <span class='ocrx_word' id='word_1_737' title='bbox 1622 4828 1712 4889; x_wconf 90' lang='lat' dir='ltr'><strong>petere</strong></span> <span class='ocrx_word' id='word_1_738' title='bbox 1727 4829 1755 4874; x_wconf 93' lang='lat' dir='ltr'><strong>nt</strong></span> <span class='ocrx_word' id='word_1_739' title='bbox 1775 4819 1825 4875; x_wconf 87' lang='lat' dir='ltr'><strong>sibi</strong></span> <span class='ocrx_word' id='word_1_740' title='bbox 1845 4818 1925 4881; x_wconf 79' lang='lat' dir='ltr'><strong>irater</strong></span> <span class='ocrx_word' id='word_1_741' title='bbox 1944 4820 2016 4890; x_wconf 76' lang='lat' dir='ltr'><strong>igurar-</strong></span> 
     </span>
     <span class='ocr_line' id='line_1_108' title="bbox 1228 4909 2019 4989; baseline -0.009 -20"><span class='ocrx_word' id='word_1_742' title='bbox 1228 4921 1294 4974; x_wconf 74' lang='lat' dir='ltr'><strong>seat.</strong></span> <span class='ocrx_word' id='word_1_743' title='bbox 1307 4914 1394 4967; x_wconf 88' lang='lat' dir='ltr'><strong>uincat</strong></span> <span class='ocrx_word' id='word_1_744' title='bbox 1407 4927 1455 4989; x_wconf 74' lang='lat' dir='ltr'><strong>per</strong></span> <span class='ocrx_word' id='word_1_745' title='bbox 1469 4911 1565 4965; x_wconf 79' lang='lat' dir='ltr'><strong>lorium</strong></span> <span class='ocrx_word' id='word_1_746' title='bbox 1580 4911 1702 4965; x_wconf 90' lang='lat' dir='ltr'><strong>timorem</strong></span> <span class='ocrx_word' id='word_1_747' title='bbox 1718 4910 1816 4966; x_wconf 84' lang='lat' dir='ltr'><strong>attalum</strong></span> <span class='ocrx_word' id='word_1_748' title='bbox 1830 4909 1959 4981; x_wconf 81' lang='lat' dir='ltr'><strong>pudtrreut</strong></span> <span class='ocrx_word' id='word_1_749' title='bbox 1970 4927 1978 4964; x_wconf 88' lang='lat'>:</span> <span class='ocrx_word' id='word_1_750' title='bbox 1991 4919 2019 4962; x_wconf 86' lang='lat' dir='ltr'><strong>nt</strong></span> 
     </span>
     <span class='ocr_line' id='line_1_109' title="bbox 1229 4999 2017 5069; baseline -0.006 -12"><span class='ocrx_word' id='word_1_751' title='bbox 1229 5002 1315 5059; x_wconf 74' lang='lat' dir='ltr'><strong>uestis</strong></span> <span class='ocrx_word' id='word_1_752' title='bbox 1329 5002 1473 5058; x_wconf 77' lang='lat' dir='ltr'><strong>nimietatis</strong></span> <span class='ocrx_word' id='word_1_753' title='bbox 1488 5001 1579 5069; x_wconf 79' lang='lat' dir='ltr'><strong>finitis.</strong></span> <span class='ocrx_word' id='word_1_754' title='bbox 1602 4999 1687 5068; x_wconf 84' lang='lat' dir='ltr'><strong>uteis</strong></span> <span class='ocrx_word' id='word_1_755' title='bbox 1708 5000 1829 5066; x_wconf 85' lang='lat' dir='ltr'><strong>mortuis,</strong></span> <span class='ocrx_word' id='word_1_756' title='bbox 1844 5014 1895 5059; x_wconf 76' lang='lat' dir='ltr'><strong>sos</strong></span> <span class='ocrx_word' id='word_1_757' title='bbox 1914 5001 2017 5058; x_wconf 78' lang='lat' dir='ltr'><strong>situlis.</strong></span> 
     </span>
     <span class='ocr_line' id='line_1_110' title="bbox 1229 5089 2018 5159; baseline -0.013 -9"><span class='ocrx_word' id='word_1_758' title='bbox 1229 5093 1325 5150; x_wconf 81' lang='lat' dir='ltr'><strong>&#39;l&#39;artnnr</strong></span> <span class='ocrx_word' id='word_1_759' title='bbox 1347 5093 1398 5148; x_wconf 88' lang='lat' dir='ltr'><strong>boe</strong></span> <span class='ocrx_word' id='word_1_760' title='bbox 1418 5091 1534 5156; x_wconf 79' lang='lat' dir='ltr'><strong>alteritas</strong></span> <span class='ocrx_word' id='word_1_761' title='bbox 1554 5089 1624 5158; x_wconf 72' lang='lat' dir='ltr'><strong>epit,</strong></span> <span class='ocrx_word' id='word_1_762' title='bbox 1648 5104 1707 5159; x_wconf 61' lang='lat' dir='ltr'><strong>quae</strong></span> <span class='ocrx_word' id='word_1_763' title='bbox 1729 5106 1781 5143; x_wconf 92' lang='lat' dir='ltr'><strong>uon</strong></span> <span class='ocrx_word' id='word_1_764' title='bbox 1805 5089 1860 5158; x_wconf 74' lang='lat' dir='ltr'><strong>agit</strong></span> <span class='ocrx_word' id='word_1_765' title='bbox 1879 5103 2018 5158; x_wconf 89' lang='lat' dir='ltr'><strong>perperam</strong></span> 
     </span>
     <span class='ocr_line' id='line_1_111' title="bbox 1231 5176 2019 5254; baseline -0.011 -17"><span class='ocrx_word' id='word_1_766' title='bbox 1231 5182 1258 5254; x_wconf 77' lang='lat' dir='ltr'><strong>(l</strong></span> <span class='ocrx_word' id='word_1_767' title='bbox 1271 5183 1330 5238; x_wconf 85' lang='lat' dir='ltr'><strong>Cor.</strong></span> <span class='ocrx_word' id='word_1_768' title='bbox 1346 5198 1405 5244; x_wconf 83' lang='grc' dir='ltr'>ιιιι,</span> <span class='ocrx_word' id='word_1_769' title='bbox 1427 5180 1469 5249; x_wconf 83' lang='lat' dir='ltr'><strong>l).</strong></span> <span class='ocrx_word' id='word_1_770' title='bbox 1490 5178 1621 5243; x_wconf 75' lang='lat' dir='ltr'><strong>Claritas,</strong></span> <span class='ocrx_word' id='word_1_771' title='bbox 1646 5176 1741 5231; x_wconf 86' lang='lat' dir='ltr'><strong>iratres</strong></span> <span class='ocrx_word' id='word_1_772' title='bbox 1759 5176 1821 5242; x_wconf 87' lang='lat' dir='ltr'><strong>rtrei,</strong></span> <span class='ocrx_word' id='word_1_773' title='bbox 1845 5176 1873 5231; x_wconf 88' lang='lat' dir='ltr'><strong>iu</strong></span> <span class='ocrx_word' id='word_1_774' title='bbox 1893 5187 2019 5246; x_wconf 85' lang='lat' dir='ltr'><strong>quautam</strong></span> 
     </span>
     <span class='ocr_line' id='line_1_112' title="bbox 1230 5267 2021 5340; baseline -0.01 -10"><span class='ocrx_word' id='word_1_775' title='bbox 1230 5273 1314 5337; x_wconf 88' lang='lat' dir='ltr'><strong>adest,</strong></span> <span class='ocrx_word' id='word_1_776' title='bbox 1338 5278 1493 5327; x_wconf 81' lang='lat' dir='ltr'><strong>exerceatur</strong></span> <span class='ocrx_word' id='word_1_777' title='bbox 1506 5269 1573 5324; x_wconf 90' lang='lat' dir='ltr'><strong>bcue</strong></span> <span class='ocrx_word' id='word_1_778' title='bbox 1587 5267 1701 5327; x_wconf 77' lang='lat' dir='ltr'><strong>uiuendo</strong></span> <span class='ocrx_word' id='word_1_779' title='bbox 1718 5284 1726 5335; x_wconf 68' lang='grc' dir='ltr'>ς</span> <span class='ocrx_word' id='word_1_780' title='bbox 1742 5267 1767 5321; x_wconf 92' lang='lat' dir='ltr'><strong>in</strong></span> <span class='ocrx_word' id='word_1_781' title='bbox 1784 5276 1910 5340; x_wconf 89' lang='lat' dir='ltr'><strong>quantum</strong></span> <span class='ocrx_word' id='word_1_782' title='bbox 1932 5278 2021 5332; x_wconf 73' lang='lat' dir='ltr'><strong>sertem</strong></span> 
     </span>
     <span class='ocr_line' id='line_1_113' title="bbox 1231 5355 1697 5434; baseline -0.024 -13"><span class='ocrx_word' id='word_1_783' title='bbox 1231 5363 1318 5421; x_wconf 84' lang='lat' dir='ltr'><strong>miurus</strong></span> <span class='ocrx_word' id='word_1_784' title='bbox 1333 5369 1383 5425; x_wconf 93' lang='lat' dir='ltr'><strong>est,</strong></span> <span class='ocrx_word' id='word_1_785' title='bbox 1405 5360 1560 5431; x_wconf 78' lang='lat' dir='ltr'><strong>impetretur</strong></span> <span class='ocrx_word' id='word_1_786' title='bbox 1574 5355 1697 5434; x_wconf 81' lang='lat' dir='ltr'><strong>petendo.</strong></span> 
     </span>
    </p>

    <p class='ocr_par' dir='ltr' id='par_1_11' title="bbox 1233 5445 2028 5796">
     <span class='ocr_line' id='line_1_114' title="bbox 1267 5445 2021 5520; baseline -0.012 -12"><span class='ocrx_word' id='word_1_787' title='bbox 1267 5453 1295 5508; x_wconf 74' lang='lat'><strong>2.-</strong></span> <span class='ocrx_word' id='word_1_788' title='bbox 1317 5452 1450 5508; x_wconf 77' lang='lat' dir='ltr'><strong>Orationes</strong></span> <span class='ocrx_word' id='word_1_789' title='bbox 1464 5448 1627 5520; x_wconf 72' lang='lat' dir='ltr'><strong>eleemosynis</strong></span> <span class='ocrx_word' id='word_1_790' title='bbox 1640 5446 1863 5503; x_wconf 83' lang='lat' dir='ltr'><strong>edururicalaudoe.</strong></span> <span class='ocrx_word' id='word_1_791' title='bbox 1886 5445 1921 5504; x_wconf 88' lang='lat' dir='ltr'><strong>Ut</strong></span> <span class='ocrx_word' id='word_1_792' title='bbox 1933 5457 2021 5507; x_wconf 87' lang='lat' dir='ltr'><strong>auteur</strong></span> 
     </span>
     <span class='ocr_line' id='line_1_115' title="bbox 1234 5537 2021 5611; baseline -0.017 -9"><span class='ocrx_word' id='word_1_793' title='bbox 1234 5556 1330 5602; x_wconf 77' lang='lat' dir='ltr'><strong>nostre</strong></span> <span class='ocrx_word' id='word_1_794' title='bbox 1352 5541 1486 5600; x_wconf 82' lang='lat' dir='ltr'><strong>orationes</strong></span> <span class='ocrx_word' id='word_1_795' title='bbox 1505 5539 1629 5611; x_wconf 77' lang='lat' dir='ltr'><strong>eougmis</strong></span> <span class='ocrx_word' id='word_1_796' title='bbox 1650 5537 1819 5594; x_wconf 89' lang='lat' dir='ltr'><strong>adminiculis</strong></span> <span class='ocrx_word' id='word_1_797' title='bbox 1844 5537 2021 5609; x_wconf 75' lang='lat' dir='ltr'><strong>adjuventur,</strong></span> 
     </span>
     <span class='ocr_line' id='line_1_116' title="bbox 1233 5629 2025 5708; baseline -0.004 -17"><span class='ocrx_word' id='word_1_798' title='bbox 1233 5635 1358 5708; x_wconf 89' lang='lat' dir='ltr'><strong>quoniam</strong></span> <span class='ocrx_word' id='word_1_799' title='bbox 1372 5632 1403 5688; x_wconf 88' lang='lat' dir='ltr'><strong>ln</strong></span> <span class='ocrx_word' id='word_1_800' title='bbox 1414 5632 1455 5687; x_wconf 85' lang='lat' dir='ltr'><strong>ltis</strong></span> <span class='ocrx_word' id='word_1_801' title='bbox 1469 5632 1563 5687; x_wconf 90' lang='lat' dir='ltr'><strong>diebus</strong></span> <span class='ocrx_word' id='word_1_802' title='bbox 1576 5630 1750 5686; x_wconf 73' lang='lat' dir='ltr'><strong>ferventiores</strong></span> <span class='ocrx_word' id='word_1_803' title='bbox 1769 5644 1815 5685; x_wconf 90' lang='lat' dir='ltr'><strong>cas</strong></span> <span class='ocrx_word' id='word_1_804' title='bbox 1828 5629 1927 5686; x_wconf 88' lang='lat' dir='ltr'><strong>babere</strong></span> <span class='ocrx_word' id='word_1_805' title='bbox 1944 5629 2025 5695; x_wconf 78' lang='lat' dir='ltr'><strong>debe,-</strong></span> 
     </span>
     <span class='ocr_line' id='line_1_117' title="bbox 1236 5720 2028 5796; baseline -0.006 -13"><span class='ocrx_word' id='word_1_806' title='bbox 1236 5744 1315 5794; x_wconf 90' lang='lat' dir='ltr'><strong>mus,</strong></span> <span class='ocrx_word' id='word_1_807' title='bbox 1331 5727 1410 5782; x_wconf 86' lang='lat' dir='ltr'><strong>etiam</strong></span> <span class='ocrx_word' id='word_1_808' title='bbox 1423 5725 1606 5796; x_wconf 77' lang='lat' dir='ltr'><strong>eleemosynas</strong></span> <span class='ocrx_word' id='word_1_809' title='bbox 1628 5720 1772 5779; x_wconf 76' lang='lat' dir='ltr'><strong>terrentius</strong></span> <span class='ocrx_word' id='word_1_810' title='bbox 1791 5737 1941 5794; x_wconf 70' lang='lat' dir='ltr'><strong>erogemus.</strong></span> <span class='ocrx_word' id='word_1_811' title='bbox 1958 5720 2028 5793; x_wconf 82' lang='lat' dir='ltr'><strong>lpsls</strong></span> 
     </span>
    </p>
   </div>
   <div class='ocr_carea' id='block_1_9' title="bbox 1269 5938 1765 6067">
    <p class='ocr_par' dir='ltr' id='par_1_12' title="bbox 1269 5938 1765 6067">
     <span class='ocr_line' id='line_1_118' title="bbox 1270 5938 1765 5992; baseline 0.008 -7"><span class='ocrx_word' id='word_1_812' title='bbox 1270 5942 1391 5992; x_wconf 74' lang='lat' dir='ltr'><strong>’attributus</strong></span> <span class='ocrx_word' id='word_1_813' title='bbox 1412 5946 1440 5989; x_wconf 75' lang='lat' dir='ltr'><strong>ad</strong></span> <span class='ocrx_word' id='word_1_814' title='bbox 1458 5941 1488 5989; x_wconf 91' lang='lat' dir='ltr'><strong>el.</strong></span> <span class='ocrx_word' id='word_1_815' title='bbox 1505 5955 1525 5990; x_wconf 93' lang='lat' dir='ltr'><strong>r.</strong></span> <span class='ocrx_word' id='word_1_816' title='bbox 1537 5954 1582 5987; x_wconf 77' lang='lat' dir='ltr'><strong>rna</strong></span> <span class='ocrx_word' id='word_1_817' title='bbox 1598 5954 1621 5988; x_wconf 79' lang='lat' dir='ltr'><strong>r.</strong></span> <span class='ocrx_word' id='word_1_818' title='bbox 1636 5946 1660 5989; x_wconf 87' lang='lat' dir='ltr'><strong>et</strong></span> <span class='ocrx_word' id='word_1_819' title='bbox 1672 5938 1765 5989; x_wconf 70' lang='lat' dir='ltr'><strong>arltos⁴</strong></span> 
     </span>
     <span class='ocr_line' id='line_1_119' title="bbox 1269 6004 1596 6067; baseline 0 -14"><span class='ocrx_word' id='word_1_820' title='bbox 1269 6007 1306 6067; x_wconf 83' lang='lat' dir='ltr'><strong>(n)</strong></span> <span class='ocrx_word' id='word_1_821' title='bbox 1320 6004 1389 6063; x_wconf 69' lang='lat' dir='ltr'><strong>llius,</strong></span> <span class='ocrx_word' id='word_1_822' title='bbox 1399 6005 1430 6054; x_wconf 88' lang='lat' dir='ltr'><strong>de</strong></span> <span class='ocrx_word' id='word_1_823' title='bbox 1443 6005 1547 6054; x_wconf 65' lang='lat' dir='ltr'><strong>litterale</strong></span> <span class='ocrx_word' id='word_1_824' title='bbox 1557 6004 1596 6053; x_wconf 75' lang='grc'><strong>75.</strong></span> 
     </span>
    </p>
   </div>
   <div class='ocr_carea' id='block_1_10' title="bbox 0 0 2423 6676">
    <p class='ocr_par' dir='ltr' id='par_1_13' title="bbox 0 0 2423 6676">
     <span class='ocr_line' id='line_1_120' title="bbox 0 0 2423 6676; baseline 0 0"><span class='ocrx_word' id='word_1_825' title='bbox 0 0 2423 6676; x_wconf 95' lang='lat' dir='ltr'><strong> </strong></span> 
     </span>
    </p>
   </div>
  </div>
 </body>
</html>
