4759 6684
363 580 416 637 ¹ibi

366 709 432 765 ergo
447 695 472 747 in
495 693 577 747 rioruo
592 707 648 748 sua.
666 690 687 743 si
699 700 776 760 caput
789 687 928 742 cstdoruui
945 703 1015 750 sorae,
1036 687 1114 740 delict
1133 687 1165 740 ad

366 802 429 839 earm
442 785 578 855 pertinere
592 790 759 851 epmcnpatns
773 779 900 845 ofircium,
912 779 1044 850 qrromndo
1055 778 1095 833 sui
1109 794 1166 832 cre·

366 876 453 938 darn,
477 889 511 930 ne
532 873 613 942 aliqui
635 873 753 942 ipsorum
776 872 802 926 in
826 871 948 925 baeresim
964 870 1119 938 incurrant,
1134 885 1167 924 ne

366 982 447 1032 uxor,
463 982 498 1022 soc
513 964 583 1020 filius
594 1007 601 1031 ,
614 978 648 1018 ue
659 963 722 1031 lilia,
737 979 772 1018 ne
785 963 842 1032 ipse
854 976 963 1030 serras,
975 962 1035 1032 quia
1050 961 1115 1015 tanti
1126 969 1167 1015 est

367 1068 485 1130 emptus.
512 1056 657 1126 Disciplina
691 1055 834 1126 apostolica
863 1054 1007 1124 preposuit
1029 1053 1166 1108 dominum

369 1166 465 1219 serso,
485 1159 513 1206 et
533 1164 641 1205 serrum
655 1147 773 1202 subdidit
785 1147 894 1203 domino
909 1145 1017 1218 (Eprius.
1030 1162 1072 1213 vr,
1093 1145 1127 1211 5,
1145 1153 1168 1198 rt

371 1238 422 1295 iit.
443 1257 479 1310 u,
494 1239 522 1310 9)
539 1238 681 1296 :Christus
697 1249 784 1293 taurea
806 1254 853 1308 pro
866 1237 996 1292 aurbobus
1009 1253 1090 1292 unum
1109 1253 1168 1307 pire·

374 1333 436 1387 tiara
447 1332 532 1389 dedit.
551 1331 675 1386 lliniuos
690 1340 795 1385 vestros
813 1330 893 1385 nolite
907 1339 1096 1393 contemnere,
1119 1328 1167 1384 do-

376 1424 542 1481 mesticorum
555 1431 707 1479 vestrorum
722 1422 834 1476 salntem
856 1423 927 1476 omni
951 1421 1084 1492 vigilantia
1107 1436 1168 1490 pro-

378 1526 472 1573 curate.
487 1516 550 1573 liare
562 1512 588 1571 si
606 1513 708 1577 facitis,
723 1513 838 1583 erogatis
853 1531 859 1566 :
877 1513 942 1584 pigri
957 1512 1027 1568 serri
1047 1527 1098 1566 non
1114 1513 1168 1567 cri·

381 1606 633 1675 tis,dsmuationem
644 1614 697 1659 tum
709 1604 893 1660 detestandam
908 1620 960 1658 non
977 1603 1112 1659 timebitis.

631 1740 745 1795 strnue
764 1738 833 1794 xcv
858 1740 909 1811 (a).

391 1850 423 1910 Ue
436 1857 507 1911 aulis
525 1854 656 1925 Evangelii
672 1852 771 1914 ilorci,
787 1850 829 1904 ubi
842 1851 993 1904 orirerulum
1010 1860 1103 1919 septem
1124 1866 1170 1920 po·

533 1963 595 2001 num
611 1951 728 2017 retertur.
744 1960 802 2014 cup.
819 1959 881 2005 vrri,
904 1944 940 2013 i.
957 1944 1013 1999 ld.

424 2105 444 2160 l.
464 2102 550 2175 Epsloe
580 2103 606 2156 iu
632 2100 771 2172 Scripturis
801 2100 905 2155 satietis.
929 2098 1079 2169 Scripturas
1105 2115 1168 2153 son·

397 2206 441 2252 rttt
460 2204 618 2267 exponentes
643 2195 734 2256 robis,
757 2194 832 2263 qrrasi
857 2208 937 2261 panes
962 2190 1106 2262 frangimus
1121 2206 1169 2243 ro·

400 2288 438 2341 lois.
453 2286 498 2343 los
509 2287 660 2342 esurientes
673 2285 802 2353 accipite,
818 2292 845 2337 ct
858 2284 976 2353 saginam
991 2281 1076 2338 laudis
1089 2281 1170 2338 corde

400 2385 509 2432 eructuate
524 2394 530 2431 :
546 2385 573 2432 et
586 2376 631 2446 qrri
644 2376 708 2430 estis
726 2375 821 2429 divites
834 2375 860 2428 iu
872 2374 975 2443 epulis,
991 2374 1074 2428 nolite
1087 2369 1168 2428 mucii

401 2480 444 2522 rac
454 2468 477 2521 ia
489 2468 613 2538 operibus
625 2476 652 2521 et
672 2467 747 2520 factis
767 2465 854 2521 bonis.
869 2463 945 2532 Quod
960 2479 1009 2535 ego
1023 2479 1105 2536 erogo
1123 2479 1170 2517 vo-

401 2553 444 2621 lis,
463 2573 507 2612 uon
524 2566 566 2612 cst
581 2572 681 2611 rnetmr.
702 2556 776 2624 erod
801 2555 984 2621 manducatis,
1009 2555 1140 2609 nrarrduco
1161 2574 1168 2609 :

401 2643 454 2701 sorde
465 2648 564 2715 sititis,
579 2648 649 2701 rire.
664 2646 811 2701 Corrrmune
828 2645 956 2702 frobenius
976 2647 1003 2701 iu
1025 2648 1094 2702 coelo
1113 2647 1170 2702 cel·

401 2734 474 2792 lorium
488 2757 493 2792 :
507 2739 569 2795 inde
584 2739 656 2794 euim
674 2737 746 2792 venit
757 2737 866 2792 verbum
882 2737 937 2791 Uei.

425 2825 447 2883 2.
458 2829 603 2885 ifiroeuluru
617 2840 711 2901 septem
730 2845 825 2900 punam
844 2828 988 2900 allegorice.
1003 2829 1111 2900 Septem
1124 2844 1170 2898 pa-

403 2931 437 2975 ιιι
458 2921 600 2992 sigrrilleaut
628 2919 810 2991 septiformem
841 2919 1024 2990 operationem
1054 2919 1170 2990 Spiritus

403 3010 479 3064 aneti:
492 3021 606 3081 quatuor
614 3012 694 3065 millia
709 3009 864 3078 bominum,
878 3010 1026 3065 Ecclesiam
1038 3012 1088 3067 sub
1100 3027 1167 3081 qua.-

404 3104 445 3153 ttor
464 3102 608 3173 Urarrgeliis
634 3102 805 3158 constitutam
831 3120 838 3156 :
867 3110 968 3172 septem
990 3112 1088 3172 sportae
1114 3103 1169 3158 fra·

403 3200 558 3260 murano,
582 3192 771 3263 perfectionem
794 3192 930 3248 Ecclesia.
954 3192 1010 3248 lloe
1029 3194 1101 3249 eninr
1123 3211 1170 3251 aa·

403 3286 608 3357 numptsstme
625 3284 752 3356 perfectio
776 3284 914 3356 figuratur.
938 3285 1015 3343 Unde
1035 3296 1077 3343 est
1097 3288 1169 3344 enirn

401 3372 451 3438 tend
472 3375 569 3433 dietum
596 3387 652 3443 est,
669 3376 767 3446 Septies
791 3379 817 3432 in
840 3378 882 3433 die
905 3377 1014 3432 laudubo
1036 3389 1059 3432 te
1078 3376 1166 3448 (Psoi.

400 3468 475 3533 stru,
487 3464 571 3540 lbU?
590 3465 723 3537 Nirurqnid
736 3476 806 3520 errat
822 3466 912 3531 lrorno,
929 3468 973 3536 gui
989 3468 1067 3522 toties
1078 3467 1169 3523 lauda·

401 3555 489 3633 exiii)
503 3561 645 3617 Dominum
655 3558 668 3615 i
680 3560 749 3629 Quid
761 3569 802 3615 est
820 3576 903 3631 crgo,
920 3561 1019 3630 Septies
1038 3560 1147 3615 latidudo
1158 3577 1167 3625 ;

400 3643 450 3715 liei,
460 3647 595 3725 Nunquam
615 3665 632 3706 a
652 3650 728 3708 laude
743 3650 874 3706 cessabol
890 3651 985 3707 fotum
1005 3652 1077 3706 onim
1102 3662 1168 3708 teror·

390 3743 564 3827 psiguilleat
575 3743 621 3813 qui
633 3742 713 3808 dicit,
736 3744 835 3814 septies.
852 3742 928 3800 Unde
941 3752 1044 3813 septem
1063 3743 1166 3798 dierum

398 3827 508 3893 llietuino
520 3835 620 3893 meula
636 3833 826 3905 prmolruntur
840 3835 858 3888 ¹.
872 3834 940 3903 Quid
954 3844 994 3889 est
1014 3851 1096 3904 ergo,
1121 3835 1167 3889 Se-

396 3919 445 3982 Plirt
459 3925 484 3980 in
501 3926 543 3982 die
556 3924 667 3982 laudario
683 3937 723 3989 te,
740 3925 790 3980 uisi
804 3926 875 3995 quood
895 3926 947 3979 alio
973 3927 1031 3981 loco
1051 3925 1166 3989 dieitur,

396 4000 545 4087 stipericius
556 4017 612 4088 ejus
624 4016 650 4069 in
660 4031 706 4070 ore
715 4031 770 4069 roeo
786 4014 870 4087 (Psoi.
887 4031 982 4081 xxxin,
994 4014 1043 4086 ill
1056 4015 1167 4084 l‘ropter

396 4090 657 4177 imperfectionem
672 4105 705 4160 ad
721 4115 822 4176 septem
835 4105 967 4161 ecclesias
982 4106 1073 4160 scribit
1084 4105 1166 4160 loan-

395 4198 441 4247 ἰιι
449 4196 617 4272 Apocalypsis
627 4197 693 4253 liber
703 4208 743 4253 cst
754 4198 837 4252 sancti
848 4197 958 4252 loannis
970 4197 1140 4268 evangeliste
1157 4217 1163 4252 ε

393 4284 505 4345 widrat
515 4300 618 4362 septem
630 4289 763 4365 Ecclesias
775 4290 866 4362 (ipos.
880 4306 906 4353 r,
919 4291 958 4363 l).
970 4288 1085 4346 Veraces
1095 4302 1167 4346 csto-

395 4374 475 4450 tete),
495 4393 602 4452 sportas
624 4381 768 4452 agnoscite.
786 4381 844 4437 Nou
866 4380 937 4436 enim
958 4381 1103 4452 fragmenta
1122 4383 1165 4438 illa

395 4466 507 4528 mmmm
520 4490 527 4525 ε
540 4472 587 4528 sed
601 4473 661 4543 quia
675 4482 702 4527 ct
719 4487 766 4527 ros
785 4471 818 4528 ad
840 4471 986 4528 Ecclesium
1010 4472 1163 4542 pertinctis,

394 4555 553 4636 ruborique
571 4563 751 4635 profecerunt.
773 4563 849 4632 Orrod
870 4564 946 4620 vobis
968 4564 1017 4619 ista
1041 4579 1163 4635 expono,

396 4636 480 4710 floisto
490 4655 613 4711 mirristro
625 4672 632 4708 ι
643 4670 689 4710 vos
700 4671 760 4710 curn
774 4655 915 4727 tranquille
928 4655 1035 4722 auditis,
1046 4654 1164 4711 discum·

397 4728 450 4799 flia
461 4744 514 4819 Ego
527 4762 640 4819 corpore
653 4747 750 4811 sedeo,
765 4746 847 4803 cordo
856 4747 985 4815 consisto,
996 4757 1023 4803 et
1037 4748 1165 4805 sollicitus

399 4826 494 4893 Ιῑιὶιιιο
504 4838 592 4905 vobim
607 4854 642 4893 ne
654 4837 722 4893 forte
734 4838 848 4909 aliquem
862 4847 978 4893 restrum
992 4837 1107 4894 offendat
1120 4856 1166 4894 ra·

399 4923 487 4997 ι1111.
495 4946 549 4989 aon
561 4931 647 4987 cibus.
667 4931 764 5003 Epulas
777 4931 824 4988 Uei
835 4932 938 4998 nostis,
954 4947 1025 5002 sepe
1037 4932 1163 5002 audistis,

353 5044 358 5155 p
400 5022 627 5093 umgrraeruut,
642 5037 695 5078 non
711 5030 827 5078 ventres.

421 5104 573 5185 &Haueris
587 5115 614 5168 in
635 5115 666 5169 iis
684 5116 728 5184 gui
745 5114 851 5169 mureti
864 5122 922 5168 suut
937 5114 968 5167 de
980 5124 1074 5185 septem
1092 5114 1166 5184 peni·

398 5190 434 5255 Ιιι
445 5200 523 5259 Certe
542 5204 660 5275 saginata
679 5213 742 5259 sant
753 5214 866 5275 mutuor
881 5202 960 5257 millia
980 5201 1117 5258 bominum
1132 5204 1166 5261 do

411 5418 1165 5485 'Uelegmnmpmamnsvidesormonemllbul.[tude

387 5488 461 5547 ma
468 5481 565 5535 dierum
575 5480 694 5534 mosano
701 5481 790 5534 soeeulo
797 5479 985 5548 pronuborum]

405 5584 431 5647 (ι
449 5585 629 5649 cumprimum
710 5591 763 5635 tex
774 5583 854 5634 veteri
871 5581 953 5633 eadee
970 5581 1115 5632 colbertina
1127 5584 1163 5634 bi·

512 5653 594 5696 notato
605 5645 636 5695 82
653 5646 692 5706 ‚lo
703 5645 907 5709 quoiuseribitnr,
923 5652 1069 5714 «macutus
1088 5646 1164 5714 noeti

381 5708 522 5780 «mini
533 5707 667 5758 modurn
678 5713 781 5780 ttarnnn
791 5707 824 5756 do
834 5714 930 5768 septem
941 5706 1051 5768 panrlrns.
1065 5722 1076 5750 ι
1092 5713 1166 5767 tangus

377 5770 662 5832 mouumentum
671 5770 766 5833 magno
777 5767 879 5818 dederat
890 5765 1031 5817 ilorusadt
1052 5774 1163 5816 cocxm.

446 5892 740 5945 umdmuoemcseoo
793 5889 1095 5952 ‚sedasecuodamauw
1109 5902 1164 5940 nam

372 6024 397 6068 ι
404 5952 557 6069 ἄξιοι,
579 5964 678 6006 cerm
761 5959 853 6004 dm
868 5950 977 6015 prolecto
992 5952 1055 6002 band
1065 5953 1165 6016 integer

1095 576 1208 632 stlttlttt
1229 575 1305 630 XCl'.

1956 593 2009 649 582

1222 696 1323 755 septem
1339 688 1449 756 panibus
1465 705 1471 740 τ
1488 691 1550 758 quid
1569 693 1742 750 mirabilius?
1760 697 1793 752 Et
1818 710 1905 757 minen
1918 720 2010 771 parem

1222 785 1289 841 erat,
1306 778 1356 833 nisi
1367 780 1447 833 etiam
1459 792 1557 851 sporta
1569 794 1670 854 septem
1685 786 1719 842 do
1732 790 1885 859 fragmentis
1899 797 2013 853 residuis

1222 870 1404 940 implerentur.
1428 870 1564 944 Urrragna
1588 880 1736 949 mysteria!
1763 885 1958 955 operabantur,
1987 903 2014 947 ct

1221 978 1302 1034 opera
1314 964 1498 1035 loqrrebautur.
1513 966 1533 1020 F
1535 979 1593 1023 acta
1605 968 1648 1024 illa
1662 971 1683 1025 si
1696 972 1836 1046 intelligas,
1848 980 1928 1035 rerba
1941 996 2013 1038 sunt.

1222 1056 1255 1111 Et
1269 1072 1316 1111 ros
1329 1056 1362 1112 ad
1372 1067 1485 1127 quatuor
1498 1061 1579 1116 millia
1594 1064 1741 1132 pertinetis,
1757 1069 1817 1138 quia
1830 1072 1879 1125 sab
1892 1073 2014 1145 Euange-

1223 1149 1260 1205 lio
1272 1153 1442 1221 qurrternario
1454 1154 1549 1209 siritis.
1564 1156 1603 1209 dd
1615 1173 1754 1213 rrurnorum
1766 1177 1819 1216 non
1830 1165 2015 1233 pertinuerunt

1222 1241 1296 1311 prrcri
1312 1252 1339 1296 ct
1352 1243 1488 1300 mulieres.
1504 1244 1548 1300 Sic
1570 1247 1640 1302 enim
1666 1250 1764 1306 dictrrm
1783 1262 1824 1309 est
1841 1274 1849 1310 .·
1869 1256 1951 1314 Erunt
1965 1280 2013 1316 nu-

1222 1341 1269 1384 tem
1277 1333 1321 1402 prii
1331 1333 1543 1389 manducaberant
1555 1349 1663 1408 mutuor
1676 1341 1757 1396 utillio
1770 1346 1909 1416 frontinum,
1922 1370 2014 1426 eccep-

1222 1424 1253 1479 tis
1269 1426 1353 1495 pueris
1367 1437 1389 1480 ct
1403 1428 1548 1484 nrufferidus
1559 1431 1665 1503 (olfactio.
1681 1452 1725 1503 sr,
1736 1437 1793 1511 58).
1804 1441 1884 1507 Quasi
1897 1446 1955 1501 sine
1968 1465 2015 1502 irrr-

1222 1531 1296 1570 mcro
1317 1526 1407 1572 esseut
1421 1518 1547 1576 insensati
1563 1532 1589 1578 et
1611 1524 1766 1586 effenrinati.
1782 1532 1881 1589 Tamen
1900 1542 2013 1595 marodo-

1221 1613 1283 1660 eeut
1296 1615 1323 1661 et
1338 1608 1398 1678 ipsi.
1413 1609 1587 1667 llarrdueent:
1604 1614 1671 1671 forto
1684 1620 1756 1688 pueri
1771 1637 1904 1693 crescunt,
1921 1642 1945 1683 et
1960 1647 2014 1686 tlttt

1222 1707 1300 1753 crunt
1312 1701 1405 1771 pucri;
1422 1701 1489 1759 forte
1504 1704 1646 1763 effeminati
1668 1712 1856 1784 corriguntur,
1873 1730 1900 1774 et
1914 1727 2014 1777 castiti-

1222 1798 1326 1843 cantur.
1352 1790 1508 1848 llaudnccnt
1538 1813 1544 1850 :
1570 1812 1729 1870 erogamus,
1754 1805 1939 1877 impendimus.
1964 1816 2014 1883 Qui

1222 1880 1274 1935 sint
1287 1892 1375 1937 autem
1391 1884 1451 1950 isti,
1469 1886 1538 1942 [icus
1557 1889 1663 1960 inspicit
1675 1896 1824 1953 convivium
1843 1918 1936 1971 suurn,
1954 1918 1977 1960 et
1992 1911 2014 1961 si

1222 1986 1251 2026 sc
1262 1989 1315 2027 nou
1329 1979 1510 2046 correxerint,
1524 1982 1568 2050 qui
1582 1982 1655 2039 novit
1669 1983 1797 2053 inritare,
1815 1994 1886 2046 norit
1897 2005 1922 2049 et
1936 2013 2013 2067 sopa-

1222 2078 1291 2117 rare.

1257 2154 1284 2209 l.
1311 2154 1399 2220 Qualis
1413 2160 1457 2230 gui
1477 2161 1511 2213 ad
1530 2165 1666 2218 concinium
1693 2168 1814 2225 iruitmit.
1838 2172 1936 2240 Nostis,
1949 2180 2013 2234 clri-

1223 2244 1321 2300 rissirni
1344 2250 1482 2305 :recolite
1506 2254 1685 2323 evaugeliram
1709 2261 1876 2330 parabolarum
1898 2270 1958 2338 qrrir
1973 2273 2013 2326 iu·

1228 2338 1306 2392 travit
1329 2338 1458 2396 Drominus
1482 2342 1618 2413 inspicere
1638 2352 1824 2409 recumbentes
1846 2357 1872 2412 in
1899 2365 2012 2430 quiedam

1222 2432 1344 2487 crrrrvivio
1358 2448 1416 2487 suo.
1429 2434 1621 2496 Paterfamilias
1634 2443 1680 2511 orni
1691 2444 1856 2515 inritauerat,
1867 2453 1936 2509 sieut
1948 2461 2015 2512 scri-

1223 2533 1296 2592 ptum
1310 2532 1360 2588 cst,
1374 2525 1466 2579 inuenit
1481 2528 1514 2581 ibi
1531 2529 1656 2586 loortoon
1669 2551 1719 2589 uon
1732 2539 1845 2594 uestitum
1864 2554 1954 2600 uestem
1965 2565 2015 2603 uu·

1223 2615 1324 2683 ptioferu
1346 2616 1401 2687 (fd.
1420 2635 1488 2685 xxrt,
1506 2619 1559 2693 ll).
1582 2623 1622 2678 dd
1642 2629 1746 2696 nuptias
1767 2631 1838 2687 enirn
1858 2635 2016 2697 inritaverat

1222 2722 1336 2777 sponsus
1358 2710 1401 2764 ille
1426 2713 1563 2780 speciosus
1587 2713 1672 2770 florina
1699 2734 1753 2787 prm
1778 2721 1840 2779 filiis
1863 2724 2012 2786 baratinam.

1222 2799 1342 2871 Sponsus
1356 2803 1399 2858 illc
1413 2802 1500 2859 foedns
1514 2806 1596 2861 factus
1607 2818 1715 2879 propter
1727 2828 1851 2881 sponsam
1864 2816 1973 2891 fredam,
1985 2835 2016 2879 ut

1222 2907 1280 2947 carn
1294 2893 1392 2950 faceret
1402 2896 1548 2965 pulclnam.
1561 2897 1637 2955 Unde
1647 2901 1732 2959 fredus
1743 2905 1827 2962 factus
1836 2919 1878 2965 est
1889 2914 2016 2981 puleio-ri

1221 2983 1249 3039 st
1271 3001 1323 3039 non
1345 2986 1443 3056 probo,
1458 2989 1625 3059 blasphemo.
1648 2992 1699 3049 ilat
1722 2997 1787 3052 urilri
1811 3001 2014 3068 pulclrritndinis

1221 3077 1280 3146 ejus
1293 3077 1472 3133 testimoninm
1495 3082 1622 3152 propbeta
1633 3128 1640 3151 ,
1652 3085 1745 3143 dicens
1760 3107 1766 3141 :
1784 3091 1919 3161 Speciosrrs
1931 3101 2015 3168 forino

1222 3182 1276 3238 proe
1288 3167 1349 3236 filiis
1362 3169 1491 3223 boariorum
1505 3170 1590 3243 (Psoi.
1606 3191 1675 3240 xciv,
1690 3179 1727 3246 5).
1745 3181 1792 3234 llat
1805 3184 1868 3236 urilri
1881 3186 2014 3241 defornu·

1222 3259 1283 3315 tatis
1297 3259 1354 3330 ejus
1368 3262 1548 3318 testimonium
1563 3266 1631 3320 :ilius
1645 3269 1783 3340 propbeta,
1800 3273 1893 3331 diceus
1910 3296 1917 3332 :
1938 3277 2012 3333 Vidi-

1223 3367 1278 3404 mus
1289 3368 1356 3417 curro,
1369 3363 1393 3406 et
1406 3370 1456 3408 nou
1477 3355 1580 3410 btrbrbut
1601 3361 1707 3428 speciem
1728 3381 1807 3434 aegrae
1825 3368 1957 3436 decorem,·
1971 3374 2016 3426 seri

1220 3443 1304 3499 cultus
1316 3445 1370 3515 ejus
1380 3445 1500 3517 adjectus,
1512 3449 1632 3519 deferretis
1644 3455 1734 3524 positio
1747 3458 1801 3529 ejus
1813 3457 1888 3531 (isui.
1905 3479 1960 3529 nrrr,
1974 3467 2013 3537 ὲ).

1220 3535 1381 3606 Uproplreta
1391 3537 1437 3607 qtri
1452 3538 1558 3609 dixisti,
1576 3540 1710 3614 Speriouss
1727 3550 1809 3619 formo
1827 3568 1880 3621 prro
1889 3556 1952 3622 filiis
1967 3557 2014 3610 iro-

1221 3629 1316 3682 nrinum
1329 3671 1336 3693 ,
1351 3630 1543 3686 contradicitur
1566 3634 1612 3689 tibi
1627 3654 1634 3687 z
1651 3638 1719 3692 alins
1744 3641 1871 3710 propbeta
1897 3649 2015 3714 procudit

1220 3727 1311 3772 contra
1334 3728 1376 3783 tc,
1389 3718 1503 3785 etdicit,
1517 3721 1652 3778 llcntiris:
1671 3724 1784 3784 Vidimus
1799 3746 1865 3784 error.
1885 3733 1952 3800 Quid
1973 3748 2014 3790 ost

1220 3809 1289 3880 quood
1305 3809 1379 3876 dicit,
1393 3811 1530 3882 Speciosam
1545 3817 1627 3885 [orote
1640 3833 1693 3884 pra·
1707 3819 1766 3887 filiis
1777 3821 1929 3878 frontinum?
1944 3824 2014 3880 Vidi-

1220 3919 1341 3957 nauseam
1356 3920 1406 3957 non
1423 3905 1553 3960 finientem
1575 3912 1682 3979 speciem
1701 3927 1780 3982 neque
1800 3913 1922 3978 decorem.
1945 3919 2014 3987 firgo

1220 3993 1264 4048 isti
1288 3993 1423 4064 propbeta
1449 3995 1504 4050 duo
1524 3997 1549 4051 in
1568 3998 1665 4069 angulo
1685 4002 1757 4069 pacis
1778 4002 1951 4061 discordanti
1974 4008 2013 4064 llo

1219 4085 1326 4140 Christo
1335 4086 1415 4141 ambo
1426 4087 1564 4154 dixerunt,
1575 4088 1608 4144 de
1622 4088 1710 4160 lapide
1720 4094 1838 4164 angulari
1849 4099 1928 4152 ambo
1939 4098 2013 4154 dixu-

1221 4186 1291 4232 rnnt.
1309 4177 1336 4231 lu
1352 4179 1448 4248 angulo
1461 4180 1624 4236 concordant
1644 4184 1769 4252 parietes.
1792 4185 1820 4241 Si
1837 4203 1889 4242 riou
1901 4205 2014 4244 corrrror·

1219 4269 1366 4334 doverant,
1379 4285 1431 4324 non
1444 4279 1486 4325 cst
1507 4270 1665 4341 aedilicium,
1682 4274 1728 4328 sed
1748 4276 1834 4330 rniua.
1845 4276 2015 4334 concordant

1220 4361 1370 4432 Prophetae,
1383 4378 1435 4416 vion
1449 4377 1496 4417 eos
1508 4363 1672 4419 dimittamus
1686 4365 1711 4420 in
1723 4367 1789 4421 rixa.
1800 4368 1855 4424 lmo
1865 4385 2013 4427 noseorum

1220 4469 1311 4524 pacem
1324 4469 1515 4526 cognoscamus
1532 4474 1538 4511 :
1555 4471 1615 4510 tram
1630 4458 1666 4511 illi
1683 4458 1786 4529 litigare
1799 4477 1851 4516 non
1871 4464 2014 4520 norunt-0

1219 4543 1351 4615 f‘ropfrcta
1365 4544 1409 4616 gari
1419 4545 1528 4614 dixisti,
1545 4548 1680 4617 speciosus
1693 4549 1775 4619 furtim
1787 4568 1841 4622 pre
1858 4554 1918 4622 filiis
1931 4555 2012 4610 frumi-

1219 4652 1289 4701 num,
1301 4636 1345 4690 ubi
1369 4635 1477 4691 vidisti?
1496 4637 1658 4709 liesponde,
1674 4641 1823 4711 responde,
1839 4644 1885 4699 ubi
1907 4645 2013 4702 vidistit

1218 4725 1281 4781 Carra
1291 4726 1317 4780 in
1331 4730 1413 4800 [oroma
1429 4726 1475 4781 Uei
1488 4738 1551 4783 essct
1570 4747 1619 4784 raon
1636 4732 1752 4803 rapirrom
1768 4733 1903 4790 arbitratus
1914 4745 1950 4792 cst
1962 4754 2014 4794 erse

1217 4818 1323 4889 equalis
1339 4818 1400 4874 Deo.
1415 4820 1452 4874 lbi
1469 4821 1531 4875 vidi.
1547 4823 1586 4877 lin
1607 4832 1633 4878 tu
1646 4823 1752 4880 dubitas
1766 4842 1826 4881 eum
1843 4829 1888 4898 qni
1904 4833 2013 4900 :rqrralis

1218 4920 1259 4965 est
1273 4911 1336 4978 er,
1351 4911 1500 4981 speciosum
1510 4928 1570 4968 csse
1583 4929 1636 4982 goras
1651 4915 1710 4969 liliis
1723 4916 1881 4972 nominant
1891 4919 2012 4991 Respon-

1218 5002 1299 5058 disti:
1315 5004 1475 5074 respoudeat
1491 5006 1536 5060 ille
1549 5005 1594 5077 qui
1612 5005 1693 5069 dixit,
1711 5005 1824 5063 Vidimus
1838 5026 1911 5074 curro,
1927 5022 1949 5065 et
1963 5030 2013 5065 oron

1218 5093 1324 5148 tradebat
1336 5095 1443 5165 speciem
1457 5110 1537 5166 argue
1556 5095 1680 5148 decorem.
1694 5096 1806 5150 Dixisti:
1821 5096 1864 5152 dic
1884 5099 1928 5152 ubi
1947 5101 2015 5153 vidi·

1218 5186 1262 5240 sti.
1282 5186 1403 5242 Averbis
1421 5186 1505 5256 ipsius
1521 5187 1600 5240 sumit
1619 5187 1757 5242 exordium
1775 5207 1781 5242 :
1799 5188 1842 5244 ubi
1854 5190 1897 5244 ille
1911 5191 2011 5257 liniris,

1218 5277 1254 5332 ibi
1268 5277 1319 5333 iste
1336 5277 1437 5347 incipit.
1452 5276 1502 5332 Ubi
1517 5277 1560 5331 ille
1573 5277 1678 5331 dots-irs
1689 5277 1739 5346 Qui
1755 5296 1812 5333 curro
1833 5282 1858 5334 in
1869 5280 1951 5350 furora
1964 5281 2012 5336 Uei

1218 5377 1290 5434 esset,
1303 5384 1353 5421 noa
1363 5368 1479 5437 rapinam
1489 5368 1625 5423 arbitratus
1638 5379 1673 5422 est
1687 5385 1740 5423 esre
1750 5370 1854 5442 equalis
1865 5370 1928 5426 Deo.
1942 5373 2011 5429 Ecce

1217 5459 1263 5513 ubi
1283 5457 1349 5513 vidit
1361 5459 1510 5527 speciosum
1532 5457 1616 5513 forma
1642 5475 1696 5530 pra·
1718 5459 1780 5515 filiis
1795 5461 1931 5518 bominum
1948 5464 2011 5520 :dic

1219 5560 1257 5616 ta,
1267 5551 1315 5612 ‚ubi
1327 5551 1414 5606 vidisti
1429 5550 1557 5621 quianon
1571 5551 1685 5608 babebat
1700 5555 1816 5625 speeiem
1829 5570 1915 5626 rreqrre
1929 5557 2010 5612 deco·

1217 5659 1284 5700 rem.
1298 5642 1517 5715 Sedseoretipsurn
1525 5647 1670 5713 emnaniait,
1681 5651 1789 5718 formum
1799 5648 1863 5701 serui
1875 5649 2010 5720 occipiens:

1217 5736 1244 5789 in
1257 5734 1447 5789 sioriiitudinem
1462 5736 1591 5790 domiuum
1610 5740 1709 5809 foetus,
1724 5746 1748 5789 et
1761 5736 1848 5791 babitu
1862 5738 1974 5794 inoeutns
1984 5750 2012 5792 ut

1218 5826 1302 5879 bomo.
1319 5824 1358 5881 lle
1376 5825 1544 5882 deformitate
1561 5826 1644 5896 ipsius
1659 5824 1746 5880 adbuc
1763 5825 1828 5881 dicit
1841 5843 1848 5879 :
1863 5825 2011 5884 fiarrdfrorit

1217 5933 1245 5972 se
1257 5919 1350 5988 ipsunt,
1363 5919 1446 5988 [octus
1457 5916 1574 5972 obediens
1586 5933 1664 5987 uagae
1674 5916 1709 5970 ad
1722 5925 1835 5984 siurim,
1849 5927 1954 5972 etortenr
1966 5935 2012 5973 sa·

1218 6017 1268 6064 teus
1281 6007 1362 6062 crucis
1381 6004 1511 6081 (callipp.
1523 6023 1558 6075 tt,
1573 6005 1646 6080 6-8).
1660 6007 1729 6065 Eece
1750 6007 1795 6065 dlvi
1813 6008 1877 6067 ridi.
1895 6006 2015 6068 mucor·
