4759 6684
368 582 424 642 815

365 707 444 764 certe
457 701 572 760 Trinitas
585 708 626 754 εει
640 697 710 751 Dens
730 701 830 748 noster.
846 690 926 746 Patet·
942 703 992 741 non
1009 696 1050 740 est
1065 685 1157 751 Filius,

367 800 451 856 Filius
464 813 516 852 non
532 800 572 848 εει
585 791 681 858 Pater,
697 786 811 858 Spiritus
825 792 932 838 sauctus
946 795 995 835 nee
1008 780 1087 834 Pater
1101 786 1160 844 est,

367 906 416 947 nec
430 888 521 953 ntitas,
538 883 585 939 sed
598 882 737 935 amborum
751 877 866 948 Spiritus
881 894 887 929 :
901 883 929 929 et
942 882 1032 926 tannen
1045 867 1160 943 istatriu

367 998 419 1038 non
432 990 486 1034 tres
506 977 554 1043 dii,
574 991 626 1028 nott
648 980 703 1027 tres
720 970 926 1038 dtrtnipotentes,
942 962 989 1018 sed
1009 974 1078 1015 uuus
1092 959 1162 1014 Deus

366 1073 550 1142 omnipotens,
577 1067 632 1138 ipsa
649 1063 765 1119 Trinitas
786 1077 855 1116 urtns
875 1059 945 1114 Deus
965 1072 972 1109 :
995 1053 1058 1126 quia
1080 1065 1161 1106 unum

366 1162 545 1221 successarium
559 1168 609 1214 εει.
623 1157 662 1211 Ad
676 1157 726 1210 ltoc
740 1169 820 1208 uuum
836 1168 888 1206 unu
905 1165 953 1204 uos
967 1145 1097 1218 perducit,
1111 1142 1162 1198 uisi

367 1255 441 1312 rualli
455 1252 600 1307 truncamus
617 1264 664 1302 eor
678 1261 769 1300 unitur.

402 1342 516 1400 CAPUT
536 1341 633 1396 11-
652 1339 678 1394 5.
700 1336 799 1390 Boream
821 1333 948 1394 nat-tna,
972 1327 1163 1384 ministerium:

367 1439 456 1493 melier
475 1451 534 1508 pars
549 1432 648 1487 diurne.
667 1431 738 1484 Bruta
761 1437 823 1481 sunt
843 1423 987 1479 ruinisteria
1006 1421 1077 1476 eirca
1097 1433 1163 1488 pau·

369 1544 463 1600 peres,
479 1535 506 1581 ει
526 1524 640 1578 unanime
657 1522 725 1574 eirca
749 1527 854 1572 strictos
869 1515 913 1568 Dei
936 1511 1044 1568 seruitia
1063 1509 1161 1574 debita,

369 1617 499 1687 obsequia
524 1613 658 1684 religiosa.
684 1608 839 1666 Redduntur
861 1605 950 1665 enim,
974 1617 1027 1657 nou
1050 1601 1162 1666 dantur,

370 1710 475 1765 dicente
489 1703 626 1776 apostolo,
643 1702 673 1756 Si
685 1718 730 1755 uos
743 1699 811 1754 uobis
820 1696 963 1767 spiritualia
975 1691 1163 1769 sertriauuimur,

369 1815 489 1870 treuguam
502 1807 537 1851 ert
550 1796 572 1850 si
587 1793 700 1847 earnalia
709 1799 789 1845 uestra
801 1800 922 1841 taetantes
935 1783 961 1857 (l
973 1784 1031 1863 Cor.
1047 1798 1087 1844 rx,
1102 1777 1165 1852 lli?

370 1891 443 1945 Dona
456 1895 535 1953 surtt,
549 1884 726 1940 exhortamur
744 1879 777 1935 ad
797 1879 864 1943 bec,
879 1885 906 1931 ct
919 1876 945 1930 iu
956 1874 1039 1929 verbo
1060 1871 1165 1927 Domini

370 1981 533 2037 aedificamus
550 1993 607 2042 vrrs,
622 1975 703 2030 nolite
714 1973 781 2044 pigri
791 1986 852 2027 esse
863 1972 897 2024 ad
908 1965 1091 2037 suscipiendos
1105 1978 1166 2019 sam·

370 2082 438 2128 ctos.
454 2068 603 2138 Aliquando
623 2065 782 2126 nescientes,
798 2058 966 2130 suscipiendo
981 2072 1047 2126 quos
1062 2052 1166 2110 neseia-

371 2164 446 2231 bant,
462 2161 578 2231 unguas
593 2162 769 2226 susceperuut
784 2151 876 2224 (liele.
890 2165 947 2213 xm,
960 2148 1001 2218 2).
1018 2146 1089 2200 Dorta
1105 2151 1167 2199 sunt

372 2255 430 2310 ltaec
445 2272 452 2308 ε
468 2251 562 2306 melius
575 2259 616 2305 est
630 2259 717 2303 tamen
731 2244 801 2317 quod
816 2241 897 2312 elegit
912 2239 1002 2294 liaris.
1016 2236 1081 2292 lllud
1093 2234 1166 2291 euim

372 2345 453 2400 babet
474 2358 505 2398 er
526 2340 685 2398 necessitate
704 2335 905 2404 occupationem
923 2349 929 2385 :
945 2329 1015 2385 istud
1031 2336 1119 2383 autern
1134 2341 1167 2381 ex

371 2435 501 2491 charitato
526 2431 694 2489 strauitatem.
712 2427 774 2482 l'uft
797 2426 877 2480 ltomu
899 2435 1042 2478 occurrere
1062 2417 1168 2489 quando

373 2527 522 2590 trtiuistrat;
546 2531 574 2579 ει
587 2518 728 2592 aliquando
748 2530 800 2572 tion
820 2520 932 2585 potest:
954 2509 1083 2580 quaritur
1096 2504 1168 2577 quad

373 2621 466 2683 deest,
483 2624 591 2688 paratur
603 2611 672 2685 quod
691 2610 781 2674 adest;
797 2605 957 2663 distenditur
971 2603 1085 2656 animus.
1101 2597 1168 2653 Nam

374 2713 397 2766 si
417 2707 517 2764 ilartlm
541 2707 573 2760 ati
587 2706 630 2761 illa
645 2702 791 2765 sufficeret,
814 2695 975 2767 adjutorium
998 2691 1099 2747 serratis
1116 2703 1169 2743 ttou

376 2811 506 2875 posceret.
529 2798 608 2854 blulta
634 2804 712 2860 sunt,
736 2793 841 2847 diuersa
863 2795 942 2851 snut,
965 2783 1027 2854 quia
1053 2780 1169 2837 canrnlia

374 2904 446 2957 sunt,
466 2892 527 2961 quia
547 2887 701 2958 tctuparalia
720 2890 781 2938 suut
798 2898 805 2935 :
822 2880 872 2937 etsi
893 2879 961 2932 lmua
981 2882 1053 2940 suut,
1073 2870 1171 2926 transi·

376 2983 443 3040 turia
463 2988 533 3035 suut.
553 2977 662 3033 llartltu‘
676 2984 765 3028 autem
786 2969 848 3040 quid
866 2969 903 3022 nit
921 2959 1170 3022 nominassemus

376 3076 502 3132 rrreliarem
517 3063 781 3141 praeconceptum
797 3070 824 3116 tu
838 3058 945 3122 malam,
961 3054 1064 3111 sedula
1079 3051 1171 3107 attelin-

376 3188 445 3228 rem.
461 3167 527 3224 Audi
543 3165 613 3221 trude
628 3160 765 3216 meliorem
784 3175 790 3209 :
806 3154 869 3220 Qare
881 3168 930 3205 arou
942 3149 1071 3219 auferetur
1085 3145 1116 3198 al
1129 3160 1169 3198 ea.

377 3268 398 3320 ll
415 3273 442 3320 ιε
460 3259 595 3317 auferetur
611 3250 753 3323 aliqnando
770 3261 838 3303 onus
859 3241 1024 3299 necessitatis
1044 3254 1050 3292 :
1072 3246 1171 3291 aeterna

378 3365 421 3411 cst
430 3350 544 3409 dulcedo
554 3346 682 3404 ueritatis.
694 3341 752 3396 Nou
762 3337 899 3393 auferetur
909 3335 943 3390 ab
953 3349 983 3387 ea
997 3329 1068 3401 quud
1080 3329 1170 3398 elegit.

378 3446 435 3503 Nun
463 3443 596 3503 aulcrtur,
620 3435 666 3491 scd
693 3444 780 3488 tamen
807 3438 927 3498 augetur.
951 3423 980 3480 lu
1008 3424 1057 3477 ltue
1084 3431 1171 3476 aruem

379 3539 431 3592 sita
447 3542 567 3604 augetur,
584 3529 609 3582 in
624 3526 675 3580 alia
689 3525 741 3579 vita
754 3520 916 3591 perficietur,
950 3528 1084 3583 nuuquatu
1100 3511 1173 3565 aufe-

380 3637 528 3772 rtiiiiliiil'
541 3711 615 3767 ll.—
623 3709 650 3764 a.
661 3704 772 3761 uariae
781 3700 946 3756 ministeriam
959 3695 993 3750 ati
1004 3694 1094 3749 titana
1102 3693 1174 3765 quie·

380 3819 430 3865 tem
444 3804 532 3861 tendit.
552 3801 686 3858 canteram
709 3805 737 3850 tu
757 3792 876 3857 Martha,
895 3803 960 3860 paee
979 3796 1024 3842 tua
1041 3784 1173 3850 dixerim,

378 3901 408 3958 ia
426 3901 496 3957 bono
516 3891 663 3951 ministerio
687 3886 843 3951 benedicta,
873 3897 923 3955 pro
943 3881 994 3935 istu
1015 3877 1107 3932 labare
1130 3885 1176 3929 tuo

381 3990 533 4050 mercedem
548 3985 660 4059 quaeris,
676 3981 803 4052 quietem.
819 3975 897 4031 blodo
913 3980 1040 4042 occupata
1057 3983 1088 4023 es
1105 3967 1175 4023 eirca

382 4084 495 4141 inultum
510 4075 701 4138 ministerium,
720 4083 829 4142 pascere
850 4066 891 4120 ris
907 4064 1028 4120 mortalia
1044 4073 1175 4130 corpora,

384 4178 444 4233 licet
470 4179 622 4229 sauctorum
651 4183 657 4219 :
684 4160 811 4232 numquid
835 4172 895 4213 eunt
919 4156 1025 4210 verteris
1049 4151 1082 4206 ad
1105 4150 1177 4204 illam

386 4267 523 4340 patriam,
561 4258 680 4316 iutctries
713 4252 901 4325 peregrinum,
938 4260 1017 4317 quem
1049 4242 1178 4312 suscipias

386 4355 518 4429 lrtrspitiul
538 4351 658 4408 inuenies
677 4346 854 4407 esurientem,
874 4339 917 4396 cui
935 4352 1031 4409 panem
1054 4332 1178 4404 frangas?

385 4452 534 4512 sitientem,
549 4443 591 4499 cui
603 4449 692 4513 potunt
705 4437 824 4508 porrigas
834 4434 968 4503 tagram,
981 4444 1059 4500 quem
1068 4425 1178 4482 visites?

387 4541 547 4611 litigantem,
562 4549 641 4605 quem
659 4525 824 4584 eoueonles?
838 4532 988 4583 mortuum,
1003 4533 1081 4589 qnetu
1100 4530 1178 4587 sepe-

387 4629 454 4686 lias?
468 4625 562 4682 Dutuia
583 4624 631 4676 ista
652 4619 687 4673 ibi
706 4632 758 4670 nun
779 4623 856 4669 erunt
875 4631 881 4665 :
901 4610 948 4664 sed
968 4607 1031 4679 qnid
1055 4607 1089 4660 ibi
1110 4605 1180 4660 erit?

329 4783 335 4793 ,
388 4718 464 4788 Quod
485 4715 567 4770 blaria
590 4709 670 4780 elegit
693 4725 700 4760 :
724 4705 761 4759 ibi
780 4717 936 4773 pascemur,
958 4716 1010 4754 uon
1028 4712 1178 4770 pascemus.

392 4811 453 4865 fuleo
464 4807 516 4861 fatre
528 4805 563 4859 ibi
578 4803 629 4857 erit
644 4800 751 4869 plenum
771 4806 849 4865 atique
868 4792 1029 4863 perfectum,
1049 4790 1119 4860 quiid
1138 4789 1180 4843 bie

393 4899 471 4971 elegit
484 4895 563 4952 blaria
578 4911 584 4947 :
599 4892 633 4948 de
648 4891 691 4945 illa
709 4901 799 4942 meusa
819 4884 958 4955 opulenta,
978 4883 1012 4936 ιΙε
1030 4881 1112 4933 verbo
1127 4880 1180 4934 Do·

394 4990 456 5050 ruini
469 4990 553 5045 micas
566 4982 715 5054 colligebat.
729 4979 795 5034 liam
807 4977 886 5031 tutus
899 4989 976 5029 nosse
990 4973 1052 5044 qnid
1069 4972 1103 5028 ibi
1119 4972 1181 5027 erit?

394 5082 520 5141 Dominus
528 5080 584 5149 ipsc
593 5075 656 5131 dicit
664 5072 697 5127 de
705 5070 789 5126 serris
797 5069 852 5122 suis
863 5084 869 5120 :
879 5066 957 5119 Anien
970 5065 1026 5118 dien
1034 5063 1110 5128 nobb,
1122 5065 1182 5136 quia

395 5173 466 5247 [adet
484 5187 526 5225 eae
545 5165 703 5227 recumbere,
725 5169 748 5214 et
766 5157 898 5223 transilit,
917 5166 940 5210 et
959 5141 1116 5208 ministrabit
1130 5154 1182 5208 illis

393 5266 467 5338 (bue.
480 5279 529 5326 ιιι,
538 5258 595 5332 st).
603 5255 755 5312 Recamlere
764 5250 826 5322 quid
835 5258 886 5315 εει,
896 5247 945 5302 ιι1ε1
956 5247 1062 5302 uacare?
1072 5225 1182 5301 Rerum·

393 5362 448 5414 iere
462 5353 525 5426 quid
536 5359 587 5416 εει,
597 5348 646 5403 uisi
658 5342 844 5415 requiescere?
853 5340 919 5409 Quid
928 5348 986 5404 est,
999 5338 1145 5405 Traarilit,
1159 5346 1183 5391 et

394 5445 544 5504 trtirrirtruiit
561 5441 633 5498 illis?
649 5438 726 5494 Prius
743 5436 854 5500 transit,
874 5442 901 5488 et
918 5433 956 5486 sic
971 5431 1113 5486 ministrat.
1130 5429 1182 5485 Sed

394 5540 456 5597 ubi?
477 5536 506 5592 lu
528 5536 573 5590 illo
592 5528 712 5587 etrtrririo
732 5539 865 5596 superno,
884 5521 918 5577 de
934 5536 987 5593 quo
1005 5521 1069 5576 dicit
1083 5538 1090 5574 :
1104 5520 1184 5574 Αειειι

395 5635 452 5689 dica
467 5630 534 5686 trabis
544 5669 552 5694 ,
564 5624 636 5680 utalti
650 5622 680 5675 al
690 5620 784 5675 oriente
798 5626 821 5671 et
831 5614 958 5669 reddente
972 5615 1085 5678 eeaieut,
1102 5620 1125 5664 ct
1142 5627 1184 5665 re·

396 5723 512 5780 canalem
525 5734 581 5774 earu
591 5713 760 5778 abrahama
769 5706 855 5773 trane,
865 5703 976 5760 etiacait
987 5705 1013 5758 iu
1022 5719 1098 5774 reque
1107 5703 1184 5758 eoele-

396 5831 452 5871 rum
461 5811 567 5883 (blattis.
576 5823 632 5873 rm,
643 5805 700 5877 ll).
707 5803 745 5860 lbi
752 5801 881 5859 Dominus
890 5799 982 5870 pascit.
989 5796 1035 5852 scd
1045 5796 1118 5866 prius
1126 5796 1186 5851 ltinc

399 5902 574 5963 transit-llam
585 5909 613 5956 ut
628 5889 1186 5960 noveritis,DasebaTransitusinterpreta-

400 6014 450 6057 ιιιι,
468 5996 542 6052 l'euit
553 5990 698 6056 Domitius,
709 5988 771 6046 lecit
781 5985 882 6054 divina,
897 5998 992 6056 passus
1004 5991 1046 6039 est
1057 5982 1182 6037 bumana.

985 548 1015 626 εξ
1036 567 1216 625 antorsum
1237 562 1385 622 nuscum

1955 550 2010 608 ttu

1215 682 1349 754 Numquid
1369 680 1454 735 adbut·
1477 678 1650 747 conspuitur?
1669 675 1794 746 numquid
1812 673 1900 729 aditur.
1919 690 2007 745 erpa-

1217 774 1325 829 matur?
1343 769 1469 841 numquid
1490 770 1576 822 adnue
1593 768 1678 838 spinis
1697 767 1858 822 coronatur?
1879 765 2011 834 nmuqaid

1216 852 1303 924 adbuc
1318 865 1484 937 flagellatur?
1499 862 1625 934 numquid
1636 862 1724 917 adbuc
1736 860 1918 931 crucifigitur?
1930 875 2012 914 ntue-

1216 959 1279 1031 quid
1292 958 1378 1013 atlbuc
1390 958 1480 1011 laneca
1496 953 1670 1012 nrrlueretur?
1687 952 1829 1008 'transuta
1850 951 1975 1021 licitique
1986 960 2016 1006 et

1219 1049 1397 1119 Etattgefiunt
1415 1050 1453 1102 sie
1465 1047 1600 1116 loquitur,
1618 1044 1725 1115 quando
1738 1044 1840 1099 Pascba
1862 1042 1926 1098 feeit
1946 1057 2011 1097 euru

1218 1143 1355 1213 discipulis
1372 1143 1437 1196 suis.
1458 1140 1525 1208 Quid
1545 1139 1608 1193 dreit
1628 1131 1821 1206 Euangelium?
1842 1136 1906 1190 (iarn
1928 1144 2015 1188 ιιιιειιι

1217 1238 1323 1292 aeairret
1338 1236 1417 1301 lmen,
1431 1245 1457 1287 at
1469 1233 1545 1286 ireres
1560 1233 1676 1286 trrrrtriret
1691 1229 1722 1284 de
1734 1231 1782 1284 froc
1794 1228 1889 1283 manda
1902 1229 1940 1283 ad
1961 1224 2015 1282 ra.

1218 1337 1280 1381 trem
1295 1328 1303 1396 l
1318 1324 1396 1378 fourr.
1417 1340 1471 1387 sut,
1490 1323 1528 1393 1).
1550 1323 1620 1392 ls'rgo
1637 1322 1681 1376 illc
1703 1320 1838 1386 transivit,
1853 1329 1883 1374 ut
1899 1326 2014 1390 paseat:

1217 1432 1267 1472 nos
1281 1431 1435 1487 sequamur,
1446 1425 1474 1469 ut
1489 1429 1638 1484 pascamur.

1475 1547 1590 1603 sunuu
1609 1545 1752 1617 cta-(q.
1795 1623 1799 1630 Ι

1219 1681 1318 1738 narem
1340 1682 1366 1735 itt
1388 1679 1453 1733 illud
1478 1677 1608 1749 Evangelii
1628 1676 1721 1742 Lrtetc,
1747 1676 1788 1730 atii
1810 1677 1842 1729 de
1862 1675 1970 1730 llantur
1990 1686 2016 1731 et

1422 1769 1516 1824 iiatt‘tt.
1531 1769 1595 1840 Cup.
1610 1786 1641 1834 x,
1665 1769 1701 1839 ᾖ.
1718 1767 1812 1824 bata.

1254 1885 1367 1943 CAPUT
1390 1884 1533 1943 nntttntt.
1546 1914 1582 1925 -
1598 1886 1624 1939 l.
1640 1883 1752 1939 Martiae
1771 1894 1794 1939 et
1814 1885 1907 1940 Harioe
1925 1886 2013 1956 efficia

1219 1990 1439 2050 cautporuruatrtr.
1456 1979 1583 2036 sanctum
1598 1977 1770 2048 Evangefitttn
1783 1992 1844 2034 cunt
1860 1979 2014 2049 legeretur,

1219 2056 1399 2130 iuditiumsa
1419 2072 1517 2126 femina
1535 2061 1658 2140 religiosa
1675 2079 1826 2139 strseepttmt
1840 2084 1903 2126 esse
1925 2070 2016 2126 Dttttsi-

1220 2181 1283 2221 num
1300 2162 1433 2234 bospitio,
1444 2178 1528 2232 eaque
1539 2162 1639 2223 llartba
1652 2163 1806 2218 iocabatur.
1821 2161 1856 2216 lit
1866 2177 1930 2219 cure
1942 2172 2015 2220 met

1221 2255 1278 2325 ipsa
1297 2263 1425 2324 occupata
1443 2255 1470 2309 in
1486 2269 1551 2309 eura
1571 2252 1755 2318 ministrandi,
1768 2266 1846 2309 soror
1859 2254 1921 2322 eius
1932 2253 2014 2309 Uaria

1220 2345 1330 2400 sedebat
1344 2344 1377 2399 atl
1390 2345 1472 2416 pedes
1487 2345 1610 2412 Domini,
1630 2356 1658 2398 et
1674 2344 1796 2399 audiebat
1814 2344 1927 2401 verbum
1943 2348 2013 2417 eius.

1222 2437 1371 2492 laborabat
1393 2436 1456 2503 illa,
1479 2435 1591 2490 uacabat
1612 2436 1661 2490 ista
1687 2453 1694 2489 :
1722 2434 1764 2489 illa
1790 2435 1935 2506 ειοςειιει,
1957 2436 2016 2491 lta-e

1222 2529 1391 2600 implebatur.
1408 2529 1597 2585 Verumtamen
1610 2521 1712 2583 blartba
1725 2528 1849 2582 infrenans
1861 2527 1975 2582 turritum
1989 2529 2015 2582 itt

1222 2622 1266 2677 illa
1278 2622 1451 2692 occupatione
1467 2630 1494 2676 et
1511 2620 1619 2692 negotio
1635 2619 1822 2685 ministrandi,
1838 2620 2017 2691 interpellarit

1224 2714 1381 2781 bantinum,
1397 2722 1425 2768 et
1436 2712 1469 2766 de
1480 2727 1573 2767 sorore
1584 2727 1632 2767 sua
1642 2721 1786 2782 conquesta
1798 2719 1855 2777 εει,
1869 2710 1942 2781 quod
1956 2727 2016 2767 ean

1223 2805 1388 2861 laborantem
1400 2820 1453 2860 non
1467 2804 1614 2874 adjuvaret.
1628 2804 1756 2858 Dominus
1769 2812 1857 2858 autem
1871 2819 1920 2873 pro
1936 2802 2017 2858 ttae·

1223 2896 1361 2969 respondit
1373 2896 1501 2962 lfartbm3
1514 2906 1542 2951 et
1556 2897 1612 2966 ipse
1627 2895 1687 2964 ejus
1699 2895 1784 2950 factus
1797 2904 1839 2950 est
1853 2895 2017 2964 ιιΙιεειιιιε,

1223 2989 1268 3059 qui
1283 2987 1365 3057 judex
1387 2985 1473 3042 fuerat
1493 2986 1686 3056 interpellatus.
1701 2984 1821 3050 llartlta,
1835 2986 1936 3056 inquit,
1948 2986 2018 3040 cirre

1223 3079 1304 3133 malta
1314 3095 1341 3133 es
1350 3086 1484 3147 occupata,
1494 3077 1596 3147 quaudo
1604 3093 1683 3130 auram
1692 3085 1729 3130 ert
1741 3078 1920 3132 aeramnae.
1932 3076 2019 3132 Uaria

1224 3168 1354 3222 meliorem
1364 3178 1460 3240 partera
1474 3168 1556 3238 elegit,
1567 3183 1624 3236 qaut
1635 3183 1684 3221 nort
1697 3171 1827 3239 trafmeter
1839 3167 1871 3222 ab
1880 3183 1921 3222 etr.
1933 3167 2019 3224 Audi·

1223 3261 1311 3315 viruus
1333 3261 1405 3315 euim
1431 3267 1459 3314 ει
1483 3259 1722 3328 interpellationem
1752 3259 1964 3328 interpellantia,
1990 3270 2020 3318 et

1224 3350 1385 3408 seutentiam
1405 3349 1514 3420 judicis.
1535 3349 1599 3419 Qutc
1619 3349 1749 3405 sententia
1769 3351 1951 3420 interpellanti
1973 3367 2018 3408 re·

1225 3441 1345 3511 spondit,
1360 3448 1512 3511 susceptam
1525 3439 1652 3495 defendit.
1664 3439 1729 3494 Erat
1739 3440 1809 3495 etaim
1821 3440 1903 3495 blaria
1917 3441 2018 3498 intente

1226 3531 1358 3587 dulcedini
1374 3531 1448 3586 serbi
1460 3531 1577 3586 Domini.
1593 3529 1695 3585 intenta
1705 3531 1873 3588 enttllartba
1883 3534 2020 3604 quantana

1227 3633 1348 3695 pasceret
1357 3624 1498 3679 Dominum
1513 3641 1520 3677 ι
1536 3624 1637 3680 intenta
1653 3624 1732 3678 llarin
1747 3626 1883 3695 quomodo
1896 3640 2019 3697 pascere-

1228 3727 1270 3769 tur
1285 3714 1440 3769 nDntuino.
1458 3716 1479 3769 A
1495 3714 1596 3770 blartlta
1609 3716 1760 3771 cortririum
1778 3717 1892 3774 Domino
1905 3719 2019 3788 panta»

1228 3821 1281 3873 tur,
1296 3807 1322 3861 iu
1338 3806 1415 3875 cujus
1426 3807 1548 3861 contritio
1561 3806 1641 3861 ilaria
1656 3807 1710 3876 jam
1727 3809 1932 3875 jucundabatur.
1950 3810 2016 3867 un

1227 3914 1291 3971 crgo
1302 3898 1384 3953 bieria
1396 3898 1513 3953 suaviter
1525 3897 1628 3953 audiret
1648 3899 1758 3953 verbtuu
1775 3899 1979 3966 dulcissimum,
1993 3911 2021 3958 et

1228 3987 1309 4044 corde
1323 3987 1501 4046 intentissimo
1517 3996 1680 4056 pasceretur,
1696 3989 1863 4059 interpellate
1878 3991 2020 4048 Dumium

1229 4093 1322 4133 sorore
1340 4093 1404 4141 sua,
1419 4077 1553 4147 quomodo
1568 4087 1689 4147 putamus
1702 4095 1760 4133 cam
1775 4079 1911 4145 timuisse,
1929 4096 1965 4137 uc
1977 4081 2020 4139 di·

1229 4180 1301 4226 eerct
1318 4171 1345 4225 ei
1362 4169 1508 4235 Dominus,
1523 4167 1622 4240 Surge,
1642 4177 1669 4225 ει
1683 4169 1778 4240 adjura
1794 4186 1916 4228 sororem
1930 4173 2021 4229 tuan?

1229 4263 1296 4318 Mira
1312 4263 1383 4318 enim
1398 4262 1529 4317 suavitate
1545 4261 1686 4318 tenebatur
1703 4280 1709 4316 :
1725 4279 1785 4332 quae
1802 4263 1923 4333 profecto
1936 4266 2022 4336 amiur

1231 4355 1379 4411 astruentis
1392 4368 1471 4423 quam
1480 4353 1589 4409 ventris.
1603 4354 1733 4408 Excusata
1742 4365 1798 4420 est,
1809 4356 1879 4411 sedit
1890 4359 2021 4414 securior.

1230 4445 1369 4515 Quomodo
1380 4456 1468 4500 autem
1481 4444 1624 4500 excusata?
1637 4445 1827 4511 Attendamus,
1838 4447 2021 4519 inspiciamus,

1232 4545 1428 4607 perscrutemur
1439 4536 1510 4606 quod
1523 4551 1678 4606 possumus;
1692 4543 1721 4590 ut
1734 4550 1875 4605 pascamur
1888 4548 1917 4594 ct
1927 4553 1988 4594 ιιεε.

1266 4627 1293 4680 u.
1312 4626 1480 4681 lfiuisterittm
1497 4624 1608 4680 liertiae
1624 4643 1674 4680 nea
1690 4627 1867 4697 reprelterream
1882 4645 1900 4682 e
1912 4629 2022 4687 clarinto.

1234 4717 1303 4785 Quid
1330 4717 1420 4772 enias?
1449 4726 1571 4785 putamus
1596 4716 1786 4786 reprehensum
1811 4733 1873 4774 csse
1901 4721 2023 4777 ministe-

1234 4810 1302 4862 riutu
1317 4809 1445 4875 liurtlne,
1460 4824 1538 4873 quam
1553 4824 1616 4862 cura
1631 4807 1817 4877 hospitalitatis
1830 4821 2024 4880 occupauerat,

1233 4915 1293 4970 quac
1312 4901 1397 4968 ipsunt
1417 4898 1556 4952 Dominum
1578 4898 1693 4967 bospitio
1712 4900 1868 4966 receperat?
1885 4900 2026 4969 Quinutttde

1234 5001 1307 5048 necle
1319 4989 1576 5059 repicitettdeflutur,
1589 5007 1648 5058 qme
1662 4999 1735 5045 tanto
1749 4990 1853 5058 bospite
1865 4993 2026 5049 infahit?

1235 5084 1291 5139 lloc
1301 5083 1323 5138 si
1336 5098 1427 5137 terum
1441 5090 1498 5147 est,
1511 5082 1644 5136 diuritmnt
1654 5082 1859 5153 bortrinesquod
1872 5087 2028 5143 ministrarat

1234 5174 1390 5246 egentibus3
1408 5173 1507 5243 eligant
1527 5174 1576 5228 sibi
1600 5183 1700 5242 partem
1722 5175 1861 5230 meliorem
1873 5215 1882 5240 ,
1895 5192 1957 5246 quae
1974 5193 2027 5234 era

1235 5269 1369 5324 auferetur
1383 5267 1417 5322 ab
1428 5268 1484 5329 eis;
1501 5277 1595 5320 uacent
1605 5267 1696 5331 uerbo,
1711 5267 1813 5322 inhient
1825 5267 1958 5325 doctrine
1969 5269 2029 5327 dul·

1235 5357 1337 5423 ccdiui;
1347 5355 1586 5427 occupenturcina
1596 5355 1732 5412 seientiam
1740 5359 2031 5423 saluumnmtbtteir

1235 5467 1306 5507 curse
1316 5452 1361 5509 sit.
1377 5451 1436 5519 quis
1447 5451 1602 5520 peregrinus
1616 5449 1641 5503 iu
1654 5449 1712 5505 vieo
1724 5451 1769 5515 sit,
1784 5451 1844 5520 quis
1857 5460 1937 5522 egeat
1949 5466 2029 5523 paee,

1236 5543 1296 5613 quis
1313 5542 1485 5604 indumento,
1501 5540 1561 5609 quis
1579 5538 1743 5607 visitandus,
1759 5541 1820 5610 quis
1838 5541 2028 5605 redimendas.

1237 5636 1296 5705 quis
1304 5631 1484 5702 sepeliendus:
1494 5640 1671 5700 raceutopera
1679 5630 1880 5701 misericordia,
1892 5633 1938 5688 uni
1946 5634 2029 5689 inne·

1240 5735 1282 5780 tur
1299 5724 1426 5778 scientim.
1441 5721 1468 5776 Si
1482 5722 1577 5775 melior
1590 5736 1651 5790 pars
1665 5732 1724 5788 est,
1735 5736 1784 5777 cur
1801 5737 1856 5777 non
1870 5738 1967 5781 omnes
1980 5723 2031 5781 bar

1271 5863 1279 5879 ⁰
1299 5824 1484 5908 tteecmiursad
1503 5861 1556 5904 tres
1576 5853 1657 5904 bn.et
1671 5852 1986 5918 retractaretur.
2004 5855 2033 5905 tr.

1240 5937 1265 5988 g.
1278 5920 1308 5970 lr.
1320 5933 1351 5968 m.
1365 5931 1389 5982 p.
1400 5930 1445 5967 rm.
1457 5916 1497 5965 rd.
1511 5925 1560 5964 um.
1572 5920 1609 5963 Ει.
1622 5921 1673 5964 ear.
1689 5922 1742 5966 tur.

1272 5984 1308 6047 (a)
1325 5980 1399 6043 alias,
1410 5978 1443 6028 de
1457 5976 1642 6027 remunerabat
1654 5975 1691 6027 ἴ..
