4759 6684
367 529 421 587 559

366 643 403 699 20
416 643 437 711 i.
453 641 572 698 Tradidit
588 641 666 696 Pater
676 639 770 695 Filium
781 681 788 706 ,
799 637 909 694 tradidit
922 637 1005 694 Filios
1020 655 1049 695 sc
1064 641 1161 710 ipsum.

370 733 462 788 l'assin
477 734 533 787 liare
552 733 596 785 md
612 730 679 785 [arcta
695 739 749 794 cst,
771 731 817 785 scd
837 730 870 784 ab
889 740 1002 800 utruque
1023 732 1089 785 lacta
1110 739 1160 785 cst.

369 823 444 878 Sicut
467 838 532 892 crgo
553 822 736 885 nativitatem,
761 821 796 874 ita
819 821 968 889 passionem
993 820 1092 874 diluisti
1113 835 1162 875 nec

368 914 448 968 Pater
458 913 517 967 siue
531 911 599 966 Filio
614 911 686 978 iecit,
702 927 752 966 uec
765 910 847 966 Filios
862 911 920 966 sine
933 911 1020 965 Patre.
1044 909 1164 966 Tradidit

370 1003 567 1070 PaterFrlium,
584 1003 692 1058 tradidit
705 1001 788 1057 Filios
802 1017 830 1057 se
844 1002 939 1072 ipsum.
957 1001 1025 1070 Quid
1045 1001 1088 1056 bic
1102 1001 1164 1056 tecit

368 1095 460 1161 ludas,
473 1096 523 1151 uisi
538 1096 693 1166 peccatum?
708 1095 897 1161 Transeamus,
911 1102 938 1148 et
953 1092 1016 1149 binc
1026 1093 1164 1148 ueniamus

369 1190 403 1244 ad
416 1190 652 1245 resurrectionem.

404 1279 587 1337 tetdrada
615 1279 710 1335 ctutur'
735 1279 917 1334 rerurrectione
943 1278 1075 1350 probatur.
1114 1276 1161 1332 Vi-

369 1376 480 1431 deamos
493 1375 588 1429 Filium
610 1373 735 1443 quidem,
757 1388 810 1426 non
830 1371 951 1435 Patrem,
969 1377 1162 1440 resurgentem,

370 1466 418 1522 sed
433 1464 658 1520 resurrectionem
675 1463 734 1518 Filii
748 1471 775 1516 et
788 1462 893 1516 Patrem
909 1471 935 1514 et
949 1460 1044 1514 Filium
1061 1459 1163 1514 iacien-

370 1569 434 1612 teua.
449 1556 579 1626 Operetor
591 1556 668 1609 l‘ater
681 1553 902 1609 resurrectionem
916 1551 985 1605 Filii.
998 1548 1107 1620 Propter
1117 1550 1164 1603 troc

369 1650 441 1706 cuim
455 1649 572 1703 multavit
587 1664 653 1711 enat,
668 1655 691 1700 et
704 1645 804 1699 duruerit
819 1644 842 1697 ea'
856 1658 946 1696 nornen
959 1642 1026 1711 qaod
1039 1650 1074 1694 est
1088 1656 1165 1709 snper

371 1758 445 1795 ornae
459 1758 549 1795 rtorrten
563 1738 693 1810 (Ptitttpp.
707 1753 737 1804 n,
752 1736 768 1790 9
780 1737 801 1808 ).
817 1735 994 1790 Resuscitavit
1007 1748 1070 1803 ergo
1086 1733 1164 1787 Patet·

372 1831 480 1895 Filium,
492 1827 634 1885 craltuudo
648 1843 709 1881 euru
723 1835 750 1881 et
768 1824 908 1880 excitando
926 1838 987 1878 cum
1006 1837 1022 1876 a
1041 1821 1163 1877 ruortuis.

305 1965 308 1972 .
371 1920 502 1989 Numquid
518 1930 544 1974 et
559 1918 641 1972 Filius
654 1916 821 1972 resuscitarit
835 1913 1027 1982 semetipsum?
1042 1911 1165 1966 llcsusei-

372 2012 437 2064 tauit
451 2010 539 2079 plane.
557 2009 584 2062 ln
606 2009 687 2076 ligura
707 2006 748 2061 sui
769 2005 889 2075 corporis
908 2004 941 2057 de
961 2003 1060 2071 templo
1072 2002 1162 2056 dixit:

372 2105 468 2160 Solvite
478 2102 598 2172 tentpluru
609 2104 665 2163 liae,
677 2110 699 2152 et
709 2100 736 2152 in
747 2098 830 2150 trirlrto
838 2097 989 2150 resuscitabo
999 2094 1063 2147 ittae
1074 2092 1161 2165 (dean.

371 2211 400 2262 ιι,
414 2193 447 2248 ld
460 2198 479 2263 ).
497 2194 634 2247 i‘ostremo
652 2192 721 2246 sieut
739 2190 772 2243 ad
797 2188 947 2258 passionem
971 2187 1086 2256 pertinet
1106 2187 1165 2240 airri-

371 2300 441 2338 mam
458 2298 567 2352 potiere,
580 2283 618 2336 sie
635 2283 667 2334 ad
688 2280 910 2334 resurrectionem
931 2279 1046 2331 :eitimam
1067 2276 1163 2331 iterum

371 2394 477 2432 smuere
489 2393 496 2429 :
508 2376 645 2430 videamus
657 2375 679 2427 si
693 2373 713 2427 F
715 2374 775 2426 ilius
785 2372 891 2441 quidem
902 2370 1016 2424 animam
1028 2385 1102 2424 suurn
1115 2384 1162 2438 po·

371 2471 436 2538 snit,
448 2479 475 2524 et
487 2469 510 2522 ci
523 2469 638 2521 animam
652 2481 726 2520 suain
740 2465 817 2518 l‘ater
828 2462 950 2528 reddidi,
965 2479 1018 2515 noa
1032 2463 1089 2532 ipse
1101 2462 1162 2517 sibi.

371 2561 450 2616 Fater
464 2560 535 2615 enim
550 2557 610 2628 quia
626 2555 750 2618 reddidit,
765 2553 932 2608 manifestum
948 2561 998 2606 est.
1014 2552 1076 2607 lude
1091 2552 1162 2605 cuim

371 2653 493 2707 Psalmus
505 2651 580 2716 dicit,
596 2649 627 2702 Et
637 2648 757 2703 resuscita
771 2663 819 2713 me,
833 2655 857 2700 et
870 2646 973 2699 reddam
993 2646 1044 2700 illia
1065 2645 1074 2716 (
1088 2644 1161 2699 Psai.

371 2759 415 2808 xo,
431 2744 460 2797 ll
474 2742 494 2812 ).
510 2741 562 2795 Sed
578 2740 638 2809 quia
651 2748 678 2792 et
692 2738 774 2792 Filius
787 2737 901 2791 animant
916 2751 992 2789 suam
1005 2736 1055 2790 sibi
1075 2734 1163 2789 reddi·

370 2837 421 2902 dit,
437 2835 525 2905 quida
541 2833 619 2888 nobis
632 2829 810 2901 exspectatis?
824 2827 883 2898 lpse
904 2828 974 2882 dieat
988 2846 994 2879 :
1010 2826 1162 2882 Potestateur

372 2927 451 2981 babeo
465 2924 573 2994 portendi
587 2922 698 2976 arriuranr
708 2936 799 2974 rrreuar.
814 2919 936 2974 Nondum
950 2918 1003 2973 dixi
1018 2918 1087 2988 quod
1101 2934 1164 2988 pro-

370 3016 442 3071 misi.
458 3014 573 3069 Poucudi
585 3013 639 3067 dixi
653 3029 659 3066 :
672 3011 783 3079 sedium
796 3009 916 3066 clamatis
927 3009 947 3072 ¹,
962 3009 1021 3077 quia
1035 3009 1163 3078 praesola-

370 3108 415 3161 tis.
430 3105 533 3160 Erruttn
546 3103 650 3173 quippe
671 3102 697 3156 in
720 3100 810 3156 schola
827 3099 945 3170 rrutqistri
963 3099 1089 3165 eoelestis,
1105 3106 1163 3154 tao·

370 3215 450 3271 optram
465 3199 593 3253 lectiones
603 3198 703 3250 intente
714 3194 861 3258 audientes,
875 3194 917 3261 pie
933 3193 1083 3256 reddentes,
1098 3191 1161 3262 quid

372 3298 500 3361 sequatur
513 3303 564 3343 uon
580 3286 718 3357 ignoratis.
731 3283 896 3351 detestatam,
913 3283 1007 3352 iuquit,
1024 3283 1101 3336 irrideo
1114 3299 1161 3352 po·

370 3379 446 3433 ranrdi
468 3379 579 3432 oninium
600 3391 691 3441 ateana,
712 3383 735 3428 et
756 3383 902 3444 potestatem
920 3372 998 3426 liabeo
1016 3373 1107 3426 iterant
1119 3389 1162 3426 su-

370 3472 455 3528 mendi
464 3489 531 3526 eam.
545 3469 571 3524 N
573 3485 627 3524 earo
639 3469 704 3523 tollit
718 3484 774 3522 earn
786 3484 801 3519 a
814 3482 853 3520 are
864 3482 873 3519 :
885 3466 929 3520 sed
941 3482 986 3536 eqo
997 3481 1062 3536 pono
1077 3482 1132 3519 eum
1144 3483 1160 3520 a

369 3583 420 3632 rae,
431 3575 454 3619 et
467 3565 638 3617 iteramsauro
648 3576 703 3614 eant
718 3558 805 3630 (louet.
820 3573 847 3624 a,
863 3556 926 3628 l8).

403 3655 517 3710 ettttl't·
534 3654 565 3705 ι’.
574 3654 659 3707 -ιι,
671 3651 811 3720 llepir'catio
824 3649 945 3703 doctrinar
957 3648 1098 3718 explicatae.
1109 3647 1161 3701 Ex·

367 3745 497 3800 soluimus
509 3759 568 3812 qua
582 3741 753 3812 promisimus
767 3758 773 3793 :
789 3738 983 3808 propositiones
996 3746 1100 3791 nostras
1115 3736 1160 3789 lir-

368 3836 506 3900 missiutis,
520 3842 548 3888 ot
558 3833 682 3895 arbitror,
696 3830 908 3885 testimoniorum
921 3828 1087 3883 documentis
1099 3843 1162 3898 pro·

368 3927 498 3981 barirnns.
521 3924 622 3979 Fenete
641 3921 711 3993 quod
727 3921 847 3975 audistis.
869 3920 988 3973 breuiter
1008 3920 1117 3987 replico,
1132 3927 1161 3973 et

370 4036 428 4076 rem
444 4018 622 4083 utilissimam,
635 4026 761 4086 quantum
775 4014 909 4078 existimo,
921 4013 1054 4067 urentibus
1066 4012 1161 4066 vestris

370 4109 553 4165 collocandam
574 4104 742 4163 eornaueado.
757 4104 835 4158 Pater
848 4119 899 4156 uam
913 4111 954 4158 est
969 4112 1046 4155 uatus
1058 4101 1093 4156 dc
1106 4101 1159 4155 rir-

367 4203 449 4275 qioc:
465 4200 629 4255 nativitatem
646 4200 733 4251 teredo
756 4196 833 4249 istam
855 4194 915 4249 Filii
935 4203 963 4248 et
983 4192 1061 4248 briter
1073 4202 1100 4247 ct
1114 4191 1134 4246 F
1137 4194 1158 4247 i-

370 4296 421 4348 lius
438 4302 564 4362 operatu>⁴
577 4301 619 4346 est
631 4306 662 4345 er
678 4288 790 4359 rirqiue.
803 4287 880 4341 Pater
894 4301 946 4339 uon
960 4295 1001 4340 est
1020 4299 1113 4354 passos
1134 4286 1158 4338 iu

368 4403 448 4443 cruce
461 4406 468 4443 z
483 4387 634 4457 passionem
649 4394 736 4438 tumen
754 4381 812 4437 Filii
824 4392 852 4434 ct
866 4380 944 4434 l‘utcr
958 4388 984 4433 et
999 4378 1081 4433 Filios
1094 4393 1159 4446 ope·

368 4487 442 4533 ratos
457 4486 507 4532 est.
521 4476 579 4530 Nou
596 4473 739 4528 resurrexit
753 4472 830 4525 l’artrr
848 4486 862 4521 a
889 4469 1020 4523 mortuis:
1037 4483 1159 4523 resurre-

366 4571 483 4624 ctionem
495 4578 582 4622 tameu
595 4566 686 4621 Filiiet
699 4564 776 4616 Pater
785 4574 811 4615 ct
822 4562 901 4614 Fdius
912 4568 1093 4630 operatosest.
1107 4559 1158 4611 lla-

367 4659 435 4714 bctis
446 4673 618 4727 personarunt
628 4655 869 4716 distinctiouenr,ct
879 4651 1039 4719 operationis
1052 4651 1158 4719 insepu-

366 4748 536 4804 rabilitatem.
549 4747 605 4800 Nou
616 4760 681 4813 crgo
694 4745 813 4799 diutinus
824 4743 922 4811 aliquid
934 4745 1037 4796 l'atrcm
1053 4743 1158 4811 operari

367 4842 426 4895 siue
438 4839 513 4904 Filio,
524 4839 621 4908 aliquid
632 4837 651 4891 F
655 4838 727 4890 dinan
740 4833 1020 4890 sinemurensem
1034 4836 1158 4889 ntiraenla

366 4949 426 5005 qucc
441 4932 502 4987 iecit
516 4933 602 4997 lesos,
620 4939 725 4984 nrrrreut
743 4945 800 4993 ros,
814 4944 848 4982 ne
861 4927 929 4981 iotte
945 4927 1032 4994 aliqua
1047 4928 1102 4996 ipse
1118 4928 1157 4982 le-

365 5027 443 5092 cerit,
458 5042 516 5096 qtae
532 5041 583 5079 uou
598 5025 658 5078 iecit
672 5023 766 5075 l‘ater‘!
780 5022 811 5075 Et
827 5021 869 5075 nbi
883 5030 934 5084 est,
949 5019 1025 5072 Pertcr
1039 5030 1120 5072 eruam
1132 5021 1158 5073 iu

366 5118 586 5187 meduanensipse
593 5116 654 5185 parnt
664 5129 739 5184 opera
752 5111 839 5183 (laert.
849 5126 906 5174 xrs,
916 5110 1105 5179 libidineque
1115 5109 1157 5162 di-

368 5215 455 5267 ximus
467 5211 543 5281 plaau
556 5217 646 5274 eraut,
659 5216 760 5261 tannim
776 5205 887 5264 dicenda
905 5212 1000 5259 eraut:
1018 5218 1069 5257 uou
1084 5203 1156 5256 labo·

365 5304 477 5360 randum
495 5310 523 5355 ut
539 5299 759 5368 intelligerentur,
775 5296 820 5351 sed
835 5296 981 5349 curandum
995 5304 1023 5347 ut
1038 5307 1156 5348 comitae·

365 5405 542 5452 morarentur.

405 5486 449 5541 15.
458 5484 527 5539 neu
537 5483 570 5536 ad
580 5482 682 5535 artadum
691 5480 835 5550 corporisin
843 5480 926 5548 spotia
938 5495 986 5531 riou
997 5477 1155 5548 coqitaadua.

365 5577 470 5648 Aliquid
496 5576 583 5631 adbuc
612 5574 672 5628 solo
693 5574 801 5636 dicere,
823 5573 866 5626 ubi
887 5586 949 5625 rere
977 5583 1003 5625 ct
1025 5571 1156 5624 acriarrem

364 5671 539 5724 intentionem
560 5677 675 5721 restrum
698 5665 825 5735 requiro,
848 5671 875 5717 et
896 5662 1063 5716 devotionem
1085 5661 1156 5730 apud

367 5760 461 5816 Ιιειιιιι,
484 5760 589 5815 Etenim
608 5759 674 5814 locis
693 5754 874 5826 corpondibus
889 5767 942 5806 uam
963 5761 1085 5806 teneatur
1106 5766 1156 5806 uec

396 5895 405 5926 ¹
418 5903 469 5942 am.
481 5900 528 5953 tr,
553 5890 684 5945 ebertrastis.
707 5892 743 5942 Sic
755 5890 828 5941 ctiam
837 5893 891 5938 tiss.
906 5892 974 5938 etex
987 5883 1025 5932 bis
1037 5880 1155 5943 nonnulli,

362 5953 522 6019 moetumstis.

964 524 1011 580 ’8.
1033 524 1216 590 abcttsttrtt
1238 525 1388 583 srtscott

1219 652 1381 712 occupantur
1403 642 1453 696 uisi
1472 657 1592 713 corpora.
1614 645 1688 702 Ultra
1704 646 1777 704 iocos
1799 649 1952 720 corporales
1970 660 2015 708 est

1218 733 1361 788 diviuitas:
1376 749 1455 789 uento
1470 751 1528 788 eam
1543 746 1666 808 tauquam
1679 739 1705 793 in
1716 742 1802 806 spatio
1811 742 2015 812 requiratllbi·

1217 839 1269 893 que
1289 824 1428 878 inuisibilis
1446 835 1474 879 et
1492 826 1704 895 inseparabiliter
1715 831 1811 886 adest:
1828 848 1880 887 uim
1894 833 1921 889 in
1936 843 2015 904 parte

1217 912 1311 981 urajor,
1337 914 1362 968 iu
1386 925 1460 983 parte
1480 916 1580 981 utiuor;
1606 917 1654 972 scd
1672 920 1769 989 ubique
1790 931 1855 990 tota,
1879 939 2013 994 nusquam

1216 1002 1312 1058 diuisa.
1334 1004 1399 1070 Quis
1414 1005 1486 1060 uidet
1500 1005 1571 1060 boc?
1590 1008 1649 1078 quis
1669 1010 1739 1078 capit
1761 1010 1830 1065 troc?
1848 1013 2013 1082 compesca-

1217 1108 1279 1147 mus
1292 1109 1358 1148 nos:
1375 1094 1575 1149 meminerimus
1587 1097 1642 1166 qui,
1658 1098 1728 1154 unde
1740 1099 1889 1169 loquamur.
1903 1101 1973 1158 illud
1986 1111 2015 1160 et

1216 1184 1293 1251 illud,
1304 1184 1430 1256 quidquid
1444 1196 1484 1240 est
1497 1187 1567 1256 quod
1580 1187 1649 1242 lteus
1659 1191 1761 1260 est,pie
1771 1191 1906 1261 credatur,
1919 1205 2014 1252 sancte

1216 1277 1364 1346 cogitctor3
1379 1286 1405 1330 et
1420 1286 1547 1347 quantum
1561 1278 1650 1346 datur,
1666 1290 1793 1350 quantum
1806 1292 1905 1352 potest,
1916 1285 2014 1340 inella-

1216 1366 1306 1421 biliter
1318 1368 1487 1438 intelligatur.
1498 1370 1640 1436 Quieseont
1650 1372 1741 1436 rerba,
1751 1383 1839 1429 cesset
1847 1376 1952 1448 lingon
1965 1393 2014 1434 cor

1216 1457 1360 1523 excitetur,
1377 1473 1423 1511 eur
1442 1459 1504 1512 illue
1520 1460 1632 1515 leretur.
1648 1461 1704 1515 lt'ou
1726 1464 1797 1518 euim
1812 1474 1855 1520 est
1867 1466 1932 1522 illud
1947 1468 2012 1532 tale.

1216 1548 1286 1618 quod
1302 1548 1329 1602 iu
1342 1564 1389 1604 eor
1403 1551 1519 1605 lrouriuis
1534 1551 1681 1618 ascendat,
1702 1554 1750 1610 sed
1769 1571 1822 1625 quo
1835 1573 1883 1613 cor
1896 1559 2014 1619 bominis

1217 1639 1532 1696 asceueuauendaorus
1542 1652 1707 1699 ereaturam:
1720 1643 1861 1702 inuisibilia
1868 1650 1936 1704 errim
1945 1652 2012 1722 cias.

1218 1745 1234 1782 a
1248 1740 1364 1783 creatura
1375 1731 1472 1796 rnmuti,
1491 1750 1534 1800 per
1544 1749 1573 1786 ea
1585 1751 1643 1804 quic
1653 1735 1721 1803 [oeta
1733 1747 1802 1803 surtt,
1815 1739 1941 1795 intellecta
1951 1759 2014 1799 can·

1216 1820 1359 1888 apiciarrtur
1373 1822 1384 1893 (
1396 1821 1470 1876 dorii.
1487 1840 1506 1890 ι,
1520 1824 1555 1879 dd
1569 1825 1598 1895 p:
1620 1841 1654 1880 ne
1675 1826 1743 1882 torte
1761 1829 1787 1884 in
1810 1830 1852 1884 bis
1873 1848 1933 1902 qure
1949 1832 2014 1892 iecit

1217 1912 1297 1975 Deus,
1311 1913 1337 1966 iu
1353 1915 1449 1983 quibus
1462 1915 1588 1970 babemus
1600 1918 1741 1987 quamdam
1755 1924 1955 1980 consuetudinis
1969 1925 2012 1981 ia·

1217 2005 2013 2082 miliaritatem,inreuiuurusuliquamsimilitudinem,oode

1216 2096 1359 2164 probemus
1372 2113 1432 2153 esse
1444 2100 1531 2168 aliqua
1546 2102 1605 2167 tria,
1619 2117 1680 2171 quae
1694 2103 1742 2157 tria
1756 2105 1941 2174 separabiliter
1952 2123 2013 2179 pro·

1216 2185 1344 2252 ierarrtur,
1359 2190 1572 2259 inseparabiliter
1586 2204 1741 2262 operentur.

1251 2280 1363 2336 carin
1379 2281 1421 2335 b'l.
1430 2313 1465 2321 -
1474 2282 1517 2336 to.
1527 2282 1596 2337 Deus
1606 2285 1873 2356 incomprehensibilia.
1886 2289 1943 2355 Eia,
1956 2291 2012 2347 ira·

1217 2372 1406 2436 tres‚udestote
1417 2381 1473 2428 toto
1483 2374 1678 2431 arrianul'idete
1689 2377 1829 2447 priusquid
1841 2379 2009 2451 prornittam;

1216 2481 1250 2521 ne
1264 2468 1331 2521 torte
1352 2468 1378 2521 iu
1393 2478 1513 2522 creatura
1529 2468 1673 2534 inveniam,
1687 2471 1749 2539 quia
1763 2470 1874 2526 Creator
1892 2487 1907 2525 a
1930 2473 2010 2531 nobis

1215 2558 1336 2613 excelsus
1355 2569 1405 2614 est.
1422 2560 1456 2613 Et
1473 2559 1541 2615 torte
1558 2560 1638 2615 rerba
1661 2563 1800 2632 quisquam
1814 2573 1947 2630 nostrum,
1962 2565 2009 2622 cui

1215 2648 1302 2719 fulgor
1311 2650 1430 2705 veritatis
1440 2651 1527 2722 aliqua
1539 2660 1654 2706 merrtem
1666 2653 1740 2722 quasi
1749 2654 1934 2711 coruscatione
1944 2672 2010 2725 per·

1215 2740 1330 2810 stringit,
1340 2741 1524 2810 potestdicere
1532 2743 1611 2797 rerba
1620 2742 1673 2796 illa:
1684 2743 1739 2814 b'qo
1746 2743 1801 2797 diaa'
1807 2745 1833 2798 iu
1843 2746 1933 2801 reunsi
1939 2764 2009 2803 trra.

1215 2829 1245 2884 ln
1259 2833 1355 2886 ecstasi
1367 2842 1409 2886 tua
1423 2832 1485 2901 quid
1494 2831 1601 2887 disistit
1611 2832 1808 2905 Prop'eetttsram
1817 2851 1834 2888 a
1843 2835 1910 2906 sade
1921 2837 2011 2892 uate

1214 2937 1270 2974 runt
1284 2928 1384 2974 tuorum
1397 2920 1482 2984 tl’sal.
1495 2938 1563 2988 xxx,
1575 2921 1633 2994 ιδ).
1644 2923 1748 2978 Etenim
1762 2923 1865 2981 ridetur
1878 2927 1943 2982 milri
1957 2929 2010 2986 ists

1214 3011 1257 3079 qui
1272 3009 1323 3064 boe
1335 3010 1411 3078 dixit,
1423 3011 1526 3068 leuasse
1537 3012 1570 3066 ad
1584 3013 1665 3068 Derim
1679 3015 1793 3069 aniruam
1804 3031 1889 3079 suam.
1901 3026 1929 3073 et
1940 3018 2010 3074 edu·

1214 3100 1286 3158 disse
1296 3118 1376 3173 super
1386 3119 1416 3161 se
1425 3105 1541 3159 animam
1563 3119 1655 3170 suam,
1667 3121 1726 3161 eum
1738 3107 1762 3161 ei
1774 3107 1908 3164 diceretur
1919 3111 2010 3180 quoti«

1213 3192 1267 3260 die,
1281 3194 1330 3249 Udi
1343 3206 1380 3250 eat
1394 3194 1461 3250 Dcite
1475 3206 1533 3249 taen
1548 3194 1637 3268 (Paul.
1649 3213 1704 3261 xrr,
1720 3199 1747 3264 ι,
1765 3199 1793 3252 tt
1808 3198 1839 3268 )?
1853 3203 2009 3270 peruenisse

1214 3286 1343 3356 spirituali
1357 3285 1472 3356 quodam
1491 3297 1614 3342 contactu
1626 3286 1660 3341 ad
1675 3288 1745 3342 illam
1763 3290 2008 3347 iucommutabilem

1213 3377 1311 3442 locem,
1323 3393 1436 3447 eamque
1454 3377 1606 3433 iatiruritate
1620 3389 1780 3448 conspectus
1795 3378 1866 3435 serre
1885 3395 1938 3436 nou
1959 3398 2009 3437 ra·

1214 3469 1312 3536 luisse;
1333 3478 1361 3524 et
1379 3471 1406 3525 in
1421 3485 1496 3524 suam
1512 3471 1587 3540 quasi
1602 3470 1783 3539 aegritudinem
1799 3480 1879 3541 atque
1893 3472 2008 3544 laugue-

1214 3575 1270 3612 rem
1285 3559 1381 3612 iterunt
1398 3558 1536 3624 recidisse,
1551 3567 1579 3613 et
1592 3573 1761 3628 comparasse
1775 3574 1804 3612 se
1819 3559 1875 3626 illi,
1897 3571 1924 3615 ct
1944 3576 2008 3616 seu·

1213 3647 1280 3702 sisse
1294 3647 1583 3717 adliuecoutemperari
1598 3664 1649 3701 urm
1672 3663 1752 3718 posse
1773 3650 1781 3679 ¹
1803 3649 1888 3704 aciem
1908 3652 2008 3707 utentis

1213 3751 1268 3790 suro
1279 3737 1330 3791 luci
1343 3738 1479 3805 septenne
1495 3739 1550 3792 bei.
1564 3737 1598 3791 Et
1609 3738 1669 3807 quia
1683 3740 1733 3792 boe
1745 3739 1770 3791 iu
1783 3740 1877 3792 ecstasi
1893 3738 2007 3810 lecerat,

1213 3829 1341 3896 abreptus
1355 3842 1370 3880 a
1392 3828 1516 3881 sensibus
1535 3829 1655 3897 eorporis
1668 3837 1695 3882 et
1709 3828 1851 3900 subreptus
1864 3830 1889 3883 iu
1905 3830 2006 3899 bcum;

1213 3918 1257 3972 ubi
1272 3917 1387 3988 quodam
1401 3918 1509 3973 niodoa
1527 3918 1581 3973 beo
1603 3918 1636 3970 ad
1657 3919 1790 3973 ltoruiuem
1801 3931 1941 3977 resocatus
1952 3931 2007 3988 est,

1213 4010 1261 4076 ait,
1276 4009 1332 4080 Epo
1352 4010 1406 4064 diri
1420 4009 1446 4063 ia
1461 4010 1550 4064 ecstasi
1563 4026 1627 4064 area.
1641 4008 1702 4064 Vidi
1714 4011 1784 4065 enim
1799 4013 1889 4066 neseio
1901 4014 1966 4082 quid
1981 4016 2007 4070 in

1213 4101 1324 4167 ecstasi,
1339 4100 1410 4170 qnod
1426 4100 1469 4154 diu
1483 4099 1553 4155 serre
1567 4117 1617 4154 uem
1637 4103 1724 4170 potui;
1738 4112 1764 4157 ct
1777 4103 1896 4159 redditos
1906 4120 1994 4161 morta

1213 4190 1280 4244 libus
1293 4192 1429 4255 membris,
1445 4200 1473 4245 et
1485 4191 1575 4246 uiuitis
1593 4195 1742 4247 mortalium
1763 4195 1971 4264 cogitationibus
1990 4214 2005 4251 a

1212 4297 1325 4351 corpore
1335 4283 1406 4351 quod
1420 4294 1543 4354 aggratat
1555 4284 1682 4351 uolutant,
1694 4286 1757 4340 dixi.
1769 4286 1856 4354 Quid?
1868 4287 2008 4360 Proiectus

1211 4390 1266 4426 suut
1279 4389 1294 4424 a
1305 4373 1369 4443 [arie
1379 4374 1509 4426 oculorum
1523 4385 1631 4427 tatarum.
1649 4375 1738 4446 Lottge
1749 4391 1856 4431 sursum
1870 4393 1911 4444 cs,
1926 4381 2007 4450 louge

1212 4462 1337 4516 deorsum
1353 4476 1423 4515 suun
1444 4463 1511 4533 Quid
1527 4479 1590 4532 crgo
1611 4464 1740 4528 dicanms,
1765 4467 1869 4533 iratres,
1884 4467 1917 4521 de
1933 4468 2007 4524 Deo?

1211 4551 1238 4606 Si
1253 4552 1324 4605 euim
1340 4552 1410 4622 quod
1431 4553 1470 4605 ris
1489 4553 1587 4613 dicere,
1602 4554 1623 4607 si
1639 4555 1731 4623 cepisti
1744 4557 1765 4619 ¹,
1781 4572 1833 4609 nou
1848 4566 1890 4610 est
1911 4558 1984 4611 bens
1998 4576 2020 4652 :p

1211 4644 1233 4695 si
1247 4643 1476 4711 comprehendere
1487 4643 1605 4712 potuisti,
1618 4644 1688 4698 aliud
1701 4663 1747 4714 pro
1760 4645 1813 4700 Deo
1827 4648 2007 4716 eomprehen-

1211 4732 1283 4788 disti.
1307 4733 1333 4787 Si
1354 4736 1429 4803 (quasi
1444 4734 1672 4803 comprehendere
1692 4737 1820 4805 potuisti.
1843 4737 2004 4807 cogitatione

1212 4833 1255 4879 tua
1271 4835 1296 4880 tc
1314 4825 1451 4895 decepisti.
1470 4825 1524 4879 lloc
1539 4841 1602 4895 ergo
1622 4843 1673 4880 uou
1694 4835 1754 4893 cst,
1778 4828 1799 4880 si
1825 4828 2005 4896 cornprelreu·

1211 4915 1270 4969 disti
1285 4933 1290 4966 :
1306 4915 1327 4967 si
1352 4926 1440 4969 autem
1463 4918 1513 4969 troc
1527 4926 1582 4980 est,
1601 4931 1653 4970 nou
1676 4917 1911 4986 comprehendisti.
1935 4918 2005 4986 Quid

1211 5020 1274 5073 erg-r
1289 5005 1328 5057 ris
1344 5004 1426 5074 loqui,
1438 5005 1507 5074 quod
1523 5006 1748 5074 comprehendere
1761 5021 1813 5059 aun
1828 5007 1956 5075 potuisti?

1247 5097 1289 5148 ll.
1311 5093 1344 5147 ln
1357 5094 1428 5147 trebir
1455 5097 1590 5164 quaerenda
1619 5094 1667 5149 Dei
1688 5095 1837 5150 siuailitudo.
1859 5096 2008 5154 Videamus

1210 5200 1283 5255 erqo,
1301 5200 1334 5240 oe
1354 5185 1423 5240 torte
1443 5188 1468 5239 iu
1487 5196 1609 5241 creatura
1630 5188 1795 5242 irrvcuiamus
1813 5188 1933 5257 aliquid,
1961 5192 2005 5245 ubi

1209 5278 1356 5346 probemus
1368 5277 1455 5346 aliqua
1470 5279 1517 5331 tria
1530 5288 1558 5332 et
1570 5279 1753 5348 separabiliter
1767 5280 1961 5344 demonstrari,
1978 5290 2008 5337 et

1211 5369 1423 5436 inseparabiliter
1437 5370 1551 5440 operari.
1566 5370 1624 5436 Qtro
1640 5368 1755 5423 ibimus?
1770 5369 1809 5423 dd
1823 5372 1918 5425 coelttm
1931 5380 1960 5424 ut
1970 5372 2006 5427 de

1210 5461 1267 5513 sole
1282 5470 1308 5514 et
1321 5461 1380 5513 luna
1396 5471 1421 5514 et
1434 5461 1564 5515 sideribus
1579 5461 1763 5531 disputemus?
1777 5461 1816 5515 ttd
1837 5471 1955 5526 terram,
1976 5471 2007 5516 ιιι

1209 5551 1278 5605 auu
1292 5552 1325 5606 dc
1339 5552 1453 5616 frutetis,
1468 5552 1502 5607 de
1521 5553 1669 5618 arboribus,
1684 5552 1717 5606 de
1731 5552 1889 5607 animalibus
1903 5560 2004 5635 terrum

1210 5646 1399 5716 implentibus?
1412 5648 1452 5699 An
1466 5646 1499 5701 de
1512 5648 1568 5717 ipso
1583 5645 1662 5713 coelo,
1677 5661 1710 5700 au
1723 5645 1757 5700 de
1772 5645 1829 5717 ipsa
1844 5653 1925 5708 terra,
1942 5659 2005 5715 quae

1241 5817 1421 5881 retunsius,
1436 5827 1460 5871 et
1476 5820 1639 5890 scunt-adbuc
1655 5817 1743 5886 parret
1750 5815 1935 5887 catientqtrrttri,
1952 5824 2005 5870 etc.

1208 5890 1241 5933 Ex
1255 5886 1340 5931 nsdem
1351 5896 1423 5941 nattis,
1432 5895 1479 5932 nort
1492 5891 1602 5944 retrusae.

1240 5948 1250 5976 ¹
1262 5942 1346 5994 clares
1355 5951 1420 6007 ttss,
1432 5943 1564 6008 sramcpistt‘.
