4759 6684
402 520 453 577 tat

401 642 444 687 tus
455 638 514 693 est,
531 627 633 682 vinctus
645 632 703 687 est,
719 620 814 692 palmis
828 632 914 674 ausus
926 625 985 683 est,
1000 615 1111 672 allectus
1125 630 1188 671 con·

341 755 343 758 >
404 719 511 776 ramelia
527 727 674 788 sputorum,
688 710 771 782 spinis
781 717 923 765 coccinatus
935 717 985 775 est,
997 706 1069 778 ligno
1080 721 1194 775 suspen-

403 827 450 867 sus
466 829 472 864 ε
489 808 522 864 ad
538 816 697 869 extremum,
713 800 818 858 Domini
830 801 918 856 exitus
931 797 1034 853 mortis.
1049 797 1077 852 lu
1088 796 1193 851 Psalmo

367 965 371 972 ,
403 903 530 972 seriptum
545 906 586 953 est
600 896 638 969 (hi
653 892 865 949 acclamaverunt
876 889 920 960 qui
934 885 1124 959 cognoverunt)
1136 925 1143 948 ,
1153 883 1195 963 b't

404 991 506 1045 Dardani
522 989 603 1042 enitar
615 985 703 1039 mortis
715 981 800 1056 (erat.
813 996 895 1045 cxvtt,
907 978 964 1052 tt).
980 977 1049 1045 Quid
1062 977 1105 1031 hic
1117 990 1191 1046 ergo,

404 1094 492 1144 serve,
510 1077 663 1132 ielicitatem
677 1071 800 1142 requiris,
813 1069 859 1124 ubi
874 1077 899 1124 et
912 1067 1016 1123 Domini
1027 1068 1113 1121 exitus
1123 1079 1195 1119 utur-

405 1169 458 1225 tis?
471 1168 538 1224 Cum
552 1180 616 1237 ergo
629 1164 655 1219 in
669 1163 778 1233 regione
788 1175 841 1215 nun
851 1173 898 1214 sua
910 1158 1063 1215 tettcttatem
1077 1155 1197 1226 require·

405 1271 447 1319 ret
461 1263 521 1327 ille,
538 1260 637 1328 dequo
659 1256 730 1336 loqui
746 1268 897 1324 coeperam,
913 1262 940 1308 et
953 1260 1063 1322 propter
1076 1248 1148 1304 iilam
1169 1248 1196 1303 in

408 1340 1196 1420 haevitaadipiseendamcohiberet(a)lieo,eiqueserviret,

407 1442 506 1512 eteius
522 1448 668 1512 praecepta,
684 1446 714 1492 ut
726 1444 845 1507 poterat,
862 1436 976 1499 ciceret,
991 1431 1056 1487 vidit
1066 1432 1117 1486 hoc
1136 1446 1196 1484 ma-

407 1549 499 1607 gnum,
510 1532 552 1587 vel
566 1547 614 1600 pro
627 1542 731 1598 magno,
752 1525 822 1597 quod
834 1525 971 1596 querebat
984 1539 998 1578 a
1013 1523 1077 1588 heo,
1090 1532 1117 1577 et
1136 1535 1198 1592 pro-

385 1626 388 1631 '
409 1633 468 1694 pter
481 1621 551 1693 qnod
568 1622 621 1674 heo
632 1616 781 1682 serviebat,
798 1631 857 1671 esse
868 1613 937 1684 apud
952 1628 998 1669 eos
1012 1612 1057 1683 qui
1071 1612 1125 1667 lieo
1145 1628 1199 1666 ιιιιιι

409 1713 579 1778 serviebant,
594 1711 640 1767 sed
653 1710 783 1765 damnonia
805 1707 946 1773 colebant,
960 1715 988 1762 et
1008 1721 1099 1762 veruta
1115 1704 1199 1760 [lenm

412 1802 642 1874 blasphemabant.
658 1800 739 1867 liidit,
754 1808 782 1855 et
795 1805 944 1854 commotus
958 1803 1009 1861 est,
1023 1795 1097 1866 quasi
1111 1794 1201 1867 perdi-

411 1894 492 1950 disset
506 1892 620 1948 hactum
632 1890 731 1947 laboris
743 1889 794 1945 sui.
805 1888 861 1943 lloc
873 1887 991 1958 estquod
1000 1886 1094 1942 zelavit
1105 1884 1130 1939 in
1141 1899 1200 1955 pec·

410 1985 555 2048 tatoribus,
572 1997 662 2053 pacem
677 1988 845 2051 peccatorum
859 1978 974 2033 intuens.
986 1975 1105 2046 lienique
1118 1975 1200 2028 habes

411 2074 466 2138 ιιι,
482 2073 546 2127 Ecce
565 2073 614 2144 ipsi
627 2079 768 2142 peccatores
778 2078 801 2122 ct
816 2068 970 2122 abundantes
981 2067 1007 2120 in
1022 2065 1114 2121 seculo
1133 2064 1200 2120 οιιι-

410 2174 518 2219 aruerunt
537 2163 644 2216 diritius.
671 2158 805 2230 Numquid
825 2160 879 2213 cine
901 2173 978 2211 causa
995 2154 1134 2228 justificavi
1158 2170 1201 2229 eor

412 2270 505 2319 meurtt,
521 2262 564 2306 aut
576 2252 626 2306 iaui
638 2252 702 2304 inter
713 2251 856 2303 innocentes
866 2263 955 2303 saunas
968 2262 1046 2312 oreas,
1063 2253 1086 2298 et
1100 2243 1137 2314 frti
1153 2244 1203 2312 {ia-

412 2346 519 2416 pcltatns
529 2353 581 2397 tota
595 2343 655 2396 dte?
668 2340 733 2395 Colo
745 2339 839 2403 liettm,
854 2336 1039 2407 blasphemant
1051 2335 1133 2390 ileum
1146 2350 1152 2386 τ
1170 2333 1203 2388 il-

412 2435 446 2489 lis
461 2433 590 2495 felicitas,
606 2430 670 2484 mihi
685 2429 837 2490 catamitum
853 2426 898 2481 uhi
912 2424 1040 2495 aqnttast
1053 2421 1117 2479 bttle
1136 2425 1202 2479 moti

411 2523 513 2596 pedes,
528 2521 590 2577 inde
603 2534 671 2591 pene
683 2518 758 2574 eli'usi
772 2530 897 2589 gressus,
912 2514 973 2570 inde
984 2513 1148 2584 propinquas
1160 2513 1203 2566 in·

413 2614 517 2670 teritus.
529 2612 595 2667 Nun
609 2609 641 2665 ad
654 2609 725 2681 qnod
746 2608 889 2679 pericnlum
903 2605 1025 2670 venerit,
1041 2603 1128 2663 videte
1143 2621 1149 2658 :
1167 2603 1204 2659 ibi

414 2707 467 2766 ait,
486 2703 517 2758 Et
532 2703 586 2757 diri
595 2745 602 2764 ,
620 2701 752 2767 Qrtamoda
770 2699 816 2752 scit
840 2697 925 2763 Deus,
940 2707 963 2751 et
977 2697 999 2751 si
1011 2705 1047 2751 est
1060 2694 1164 2750 scientio
1177 2696 1205 2750 ia

414 2791 657 2849 ditisshnoilidete
670 2790 702 2844 ad
711 2788 781 2859 quod
795 2786 942 2859 perieulum
951 2788 1052 2841 venerit
1061 2786 1205 2856 quaerendo

413 2884 498 2939 alteo
519 2897 566 2952 pro
584 2895 681 2950 magno
700 2877 810 2949 praemio
825 2886 956 2932 terrenam
978 2876 1141 2932 ielicitatem.
1157 2876 1204 2930 ht-

414 2973 480 3028 scite
491 2986 571 3041 ergo,
587 2967 753 3032 charissimi,
769 2980 828 3021 eam
842 2966 864 3021 si
879 2966 998 3029 habetis,
1012 2975 1203 3033 contemnere,

416 3077 466 3118 nec
479 3062 570 3117 dicere
582 3061 608 3115 ht
623 3057 748 3114 cordibus
757 3057 871 3124 vestris,
885 3056 942 3126 Ego
955 3057 1014 3127 qnia
1027 3056 1087 3112 onio
1100 3057 1202 3123 Deum,

416 3155 476 3212 idco
490 3154 556 3209 bene
570 3161 611 3207 cst
623 3150 697 3205 mihi.
714 3147 820 3204 Videbis
832 3148 922 3211 enim,
936 3163 989 3217 quo
1001 3147 1081 3202 modo
1094 3146 1142 3202 tibi
1156 3163 1205 3217 pu-

415 3259 456 3304 tas
467 3247 555 3312 bene,
571 3254 598 3301 et
608 3244 660 3299 illis
673 3242 717 3329 qui
733 3257 784 3295 non
796 3241 886 3295 colunt
899 3240 981 3294 Deum
1001 3255 1060 3295 esse
1075 3239 1162 3304 bcae;
1178 3246 1206 3296 cl

416 3342 592 3397 movebuntur
601 3353 707 3408 pressus
720 3336 767 3392 tui.
782 3337 835 3390 hut
844 3333 914 3390 enirn
925 3333 1007 3389 trabes
1021 3333 1102 3398 illam,
1113 3333 1206 3390 colens

417 3433 510 3496 heum,
525 3439 553 3487 ct
562 3429 663 3485 videbis
675 3426 745 3499 quoti
759 3427 854 3482 habeat
866 3424 927 3481 talia
942 3439 993 3480 non
1008 3424 1098 3480 calmis
1109 3423 1204 3489 Deum3

414 3536 443 3580 et
455 3523 515 3580 ideo
526 3523 629 3594 putabis
642 3519 739 3575 trustra
752 3528 779 3574 te
790 3518 878 3574 colere
888 3517 982 3584 Deum,
992 3517 1053 3588 quia
1066 3525 1093 3572 et
1106 3516 1150 3573 ille
1160 3517 1207 3571 ha·

416 3617 462 3672 het
473 3615 623 3671 ielicitatem
634 3611 677 3683 qui
692 3627 745 3665 non
760 3610 824 3665 colit
835 3610 919 3665 ιιειιιιι
933 3627 939 3663 :
953 3619 998 3663 aut
1012 3625 1063 3664 nun
1078 3608 1149 3663 illam
1160 3608 1207 3663 ha-

417 3711 480 3774 hes,
496 3718 521 3764 ct
537 3707 621 3762 multo
635 3704 748 3774 aruplius
762 3705 844 3759 herrm
857 3701 1013 3769 accusabis,
1030 3702 1074 3773 qui
1088 3701 1134 3757 dat
1146 3717 1206 3757 caat

418 3803 673 3877 blasphematoribus
686 3802 741 3857 suis
754 3842 760 3865 ,
778 3807 805 3857 ct
818 3811 896 3871 negat
914 3797 1061 3853 cultoribus
1073 3798 1139 3853 suis.
1161 3798 1207 3852 ht·

418 3899 483 3953 seito
491 3911 555 3968 ergo
567 3901 657 3950 tenera
669 3902 852 3954 contemnere,
862 3890 884 3946 si
896 3890 974 3946 vultis
985 3890 1040 3946 Deo
1049 3889 1118 3946 fideli
1127 3889 1208 3946 corde

349 4006 354 4017 ·
418 3988 528 4044 servire.
539 3986 626 4043 ilabes
635 3983 707 4040 illam
716 3984 728 4038 ι
738 3981 792 4038 noli
804 3991 896 4052 potare
908 3979 970 4036 inde
983 3988 1008 4036 te
1022 3979 1206 4042 εεεειοιιιιιιις

419 4079 466 4134 sed
480 4079 521 4134 lac
533 4086 559 4133 te
571 4077 632 4132 iude
644 4075 753 4131 bonum.
773 4073 831 4128 Non
847 4072 948 4128 hahesi
961 4071 1020 4137 nati,
1026 4081 1119 4143 putare
1147 4071 1209 4126 inda

421 4176 515 4227 teesse
526 4167 641 4232 malnm;
656 4167 702 4222 sed
716 4181 780 4221 cave
794 4164 904 4230 malum,
913 4179 966 4235 quo
976 4165 1208 4221 convenitbonus.

458 4263 484 4318 5.
497 4260 617 4316 Felicitas
626 4269 649 4315 ει
663 4274 776 4313 orercese
786 4256 840 4311 Dco
851 4271 967 4327 qaoesaot
977 4255 1155 4326 exspectanda.
1164 4256 1210 4311 tta·

421 4355 493 4411 enim
508 4353 558 4409 iste
566 4351 736 4422 resipiscens,
745 4355 773 4404 et
781 4344 978 4420 reprehendens
988 4360 1017 4402 se
1031 4346 1127 4417 ipsum,
1138 4345 1209 4415 qnod

422 4443 613 4514 tualecoeperat
624 4442 657 4497 dc
666 4442 720 4498 [ico
731 4439 841 4505 sentire,
852 4437 1120 4510 aruntanspeccator,
1128 4446 1156 4493 et
1165 4452 1211 4508 pa·

421 4551 480 4591 cem
491 4533 596 4590 intuens
603 4541 785 4603 pcccatorum;
796 4528 994 4600 reprehendens
1004 4544 1068 4599 ergo
1076 4528 1209 4599 seipsum,

421 4625 476 4680 aits
490 4623 559 4690 Quid
583 4621 647 4676 coita
664 4618 726 4671 mihi
751 4626 787 4670 est
808 4618 833 4670 ia
857 4615 929 4679 coelc,
955 4627 978 4670 et
997 4634 1014 4669 a
1029 4627 1053 4671 te
1070 4617 1130 4687 quid
1144 4615 1212 4672 aeleri

421 4728 497 4783 snper
521 4722 613 4766 taram
637 4706 722 4780 (rant.
743 4721 827 4770 taxa,
853 4705 1018 4776 ι-ιιιιιιιιιι
1040 4707 1210 4777 resipiscam,

388 4842 393 4850 .
421 4802 475 4871 iam
498 4807 618 4854 correcto
639 4795 729 4861 corde,
745 4794 852 4865 agrrovit
876 4802 1003 4864 quantum
1025 4795 1111 4848 valeat
1125 4795 1212 4851 ertitns

423 4893 470 4947 liei
485 4909 491 4945 :
506 4906 585 4963 quera
611 4889 657 4945 liei
683 4889 783 4944 cultum
807 4886 934 4941 vilissimo
961 4885 1046 4955 pretio
1063 4887 1211 4953 addixerat,

422 4982 529 5054 quando
558 4998 605 5054 pra
641 4981 687 5035 illo
713 4988 844 5033 terrenam
879 4975 1031 5032 ielicitatem
1065 4976 1211 5046 quaerebat.

423 5073 537 5146 hpaovit
552 5071 613 5143 qnid
626 5070 755 5126 debeatur
765 5081 870 5122 sursum
884 5065 1031 5121 cultoribus
1044 5066 1101 5133 liei,
1114 5067 1158 5123 ubi
1169 5067 1214 5139 ju·

424 5166 629 5222 henrnrhabere
650 5176 698 5219 cor
717 5169 744 5216 et
764 5159 958 5231 respondemus
978 5158 1014 5215 ibi
1029 5175 1078 5217 nos
1093 5158 1213 5216 habere:

423 5257 495 5332 quod
521 5268 546 5314 ct
568 5258 669 5314 utinam
692 5268 746 5310 nott
766 5251 935 5319 mentiamur,
960 5253 1056 5308 saltem
1070 5252 1213 5325 ipsahom,

423 5352 517 5407 saltem
533 5351 591 5421 ipso
612 5353 758 5413 momento,
783 5345 876 5400 saitem
897 5343 955 5415 ipso
970 5344 1213 5414 temporispnneto,

424 5441 532 5512 qnarrdo
553 5439 754 5512 respondemus.
783 5435 937 5506 llespicieas
959 5449 1023 5504 ergo
1047 5434 1101 5500 ille,
1124 5442 1151 5489 et
1169 5447 1216 5488 eor

428 5531 576 5600 corrigens,
589 5525 759 5597 reprehendit
770 5540 799 5579 se
809 5524 936 5593 quaesisse
952 5521 1093 5592 aliquando
1105 5522 1131 5576 iu
1145 5531 1216 5578 terra

429 5622 582 5678 ielicitatem
606 5627 755 5682 terrenam,
772 5613 846 5684 quasi
871 5611 1021 5668 mercedem
1046 5612 1131 5668 cultus
1158 5613 1215 5667 het.

430 5713 483 5767 Sed
498 5687 696 5783 reprebendens
709 5721 738 5762 se
752 5706 802 5759 ait:
816 5705 883 5771 Quid
898 5702 964 5758 enim
979 5703 1041 5757 arilei
1052 5713 1088 5758 ert
1097 5703 1123 5759 ιιι
1133 5704 1218 5759 coelc!

430 5802 499 5870 Qnirl
514 5811 554 5857 est
569 5800 604 5855 ibi
623 5797 708 5853 mihil
722 5795 779 5851 i'ita
793 5805 900 5859 aterna,
915 5792 1093 5864 incorruptio,
1106 5791 1216 5866 ‘'egatttu

461 5913 497 5964 lui
508 5917 587 5966 t'nrte,
599 5907 738 5968 cannara,
752 5905 802 5966 ret,
812 5903 925 5957 uarat-a.

1018 505 1048 563 S.
1067 503 1248 561 thuvsttrtt
1268 503 1418 559 Etttsttttvt

1248 629 1307 669 euru
1321 615 1437 681 Cluisto.
1461 617 1573 671 societas
1593 613 1770 687 hargelorutu3
1787 615 1829 670 nbi
1843 616 1912 670 nulla
1927 627 2034 687 pertur-

1248 702 1331 770 batio,
1346 705 1416 759 nulla
1431 690 1704 775 ignorantiafltullutu
1716 705 1873 776 periculum,
1888 706 1958 761 ttrrlla
1973 714 2034 762 teu·

1248 795 1327 860 tatio;
1341 811 1412 856 vera,
1428 806 1510 860 certa,
1525 795 1576 852 lna
1599 797 1738 851 securitas.
1754 796 1822 851 Ecce
1839 795 1901 866 qnid
1918 794 1982 850 mihi
1994 804 2037 851 est

1248 884 1273 940 iu
1284 887 1364 942 eoelo.
1380 885 1413 940 lit
1437 904 1453 940 a
1476 897 1500 941 ιε
1517 888 1578 958 quid
1599 888 1666 943 valui
1678 905 1754 957 super
1770 888 1917 942 armantia
1933 899 1958 943 te
1970 888 2034 959 quid

1248 976 1319 1031 volui
1334 991 1415 1047 super
1433 986 1531 1032 terrant
1544 979 1556 1032 i
1569 979 1632 1049 quid
1653 979 1743 1034 volari?
1757 979 1865 1033 Divitias
1881 978 1974 1043 licitas,
1988 995 2035 1034 ca·

1248 1065 1340 1134 ducas,
1355 1067 1493 1122 volaticas.
1504 1068 1571 1135 Quid
1586 1070 1675 1125 voluii
1685 1071 1796 1135 haruin,
1808 1071 1934 1139 pallorem
1945 1077 2034 1135 terrem

1248 1136 1397 1230 arqentu'm,
1409 1162 1520 1218 livorem
1534 1172 1626 1228 terrm
1639 1164 1776 1231 honorem,
1788 1165 1914 1234 temporis
1922 1164 2035 1220 sumunt.

1249 1247 1417 1321 Eceequida
1441 1261 1467 1308 te
1481 1253 1550 1309 volui
1565 1263 1768 1323 superterram.
1794 1256 1826 1309 Et
1845 1255 1905 1325 qnia
1920 1254 1973 1309 vidi
1986 1254 2038 1311 hoc

1250 1339 1276 1393 in
1299 1343 1492 1410 peccatoribus,
1513 1344 1719 1399 commotisunt
1740 1344 1820 1414 pedes
1839 1344 1900 1408 mei,
1922 1355 1948 1400 ct
1961 1345 2040 1415 paulo

1250 1430 1338 1486 minus
1359 1431 1437 1487 eii'usi
1459 1444 1520 1487 sunt
1544 1450 1650 1505 gressus
1670 1435 1732 1491 urei.
1757 1435 1780 1488 0
1800 1450 1879 1503 quam
1893 1434 1979 1489 ιοιιιιε
1998 1444 2041 1490 est

1250 1522 1329 1577 rectis
1344 1523 1443 1579 eorde!
1466 1524 1533 1591 Quid
1556 1541 1619 1595 erqo
1643 1527 1751 1595 queris,
1774 1525 1905 1595 Propheta
1930 1525 2046 1581 tidelis!

1251 1611 1365 1676 hurum,
1378 1624 1405 1668 et
1417 1624 1567 1684 argentam,
1582 1625 1609 1669 et
1620 1614 1726 1671 divitias
1743 1617 1879 1671 terrenas?
1892 1617 1959 1687 Ergo
1971 1616 2038 1672 ιιιιιι

1252 1701 1323 1756 salet
1336 1700 1402 1758 iales
1412 1714 1539 1758 matronae
1554 1703 1649 1771 hdclis,
1665 1704 1735 1775 qnod
1750 1705 1867 1762 habetet
1887 1708 2010 1762 meretrix
2026 1707 2040 1760 ι

1252 1791 1328 1846 Tanti
1341 1807 1407 1863 erqo
1419 1793 1490 1848 valet
1502 1794 1567 1849 hdes
1581 1793 1629 1849 viri
1649 1795 1742 1863 tidelis,
1763 1795 1832 1867 quad
1848 1797 1926 1851 habet
1945 1807 1971 1851 et
1985 1797 2037 1852 ari-

1252 1900 1322 1951 ιιιιε,
1338 1885 1441 1954 auriga,
1452 1895 1572 1950 venator,
1589 1887 1674 1941 latro?
1689 1885 1774 1950 Absit,
1786 1885 1881 1941 iratres
1892 1887 1953 1961 otei,
1969 1887 2039 1944 absit

1252 1983 1282 2029 ut
1295 1976 1360 2030 tanti
1372 1976 1459 2031 valeat
1474 1976 1537 2034 lrdes
1549 1988 1647 2034 vestra.
1665 1979 1773 2033 Avertat
1783 1978 1852 2033 Deus
1863 1979 1937 2034 tnea
1952 1979 2041 2035 cordi·

1253 2065 1303 2121 bus
1317 2067 1422 2121 vestris.
1436 2066 1501 2121 Nam
1516 2070 1607 2139 quanti
1626 2069 1704 2135 valet,
1723 2070 1801 2125 vultis
1816 2073 1911 2127 ιιυεεει
1931 2072 1983 2127 Pro
2007 2088 2041 2128 ea

1253 2154 1373 2211 Christus
1387 2166 1507 2212 mortuus
1521 2168 1572 2213 est.
1586 2157 1653 2226 Quid
1668 2174 1731 2230 erqo
1745 2168 1878 2216 terrenam
1889 2161 2040 2218 mercedem

1253 2247 1367 2316 quteris,
1396 2264 1461 2303 auro
1483 2257 1510 2304 et
1531 2249 1646 2306 nutnmis
1669 2251 1806 2307 addictus?
1828 2236 1953 2324 injuriam
1977 2254 2042 2311 lacis

1255 2336 1329 2404 lidei,
1357 2352 1405 2408 pro
1428 2353 1480 2410 qua
1505 2353 1625 2397 mortuus
1639 2342 1828 2416 estChristus.
1845 2345 1879 2400 Et
1893 2346 1955 2418 quid
1982 2357 2040 2412 est,

1255 2425 1360 2496 iuquit?
1384 2429 1474 2498 quanti
1499 2430 1589 2486 valeti
1610 2431 1687 2488 illum
1704 2432 1821 2497 attende,
1845 2435 1889 2504 qui
1908 2436 1945 2488 ait
1957 2451 1964 2488 :
1976 2434 2043 2502 Quid

1256 2519 1323 2572 enirn
1342 2520 1404 2572 nrilri
1418 2529 1453 2574 cst
1466 2520 1491 2573 in
1506 2521 1568 2575 coelo
1581 2521 1594 2575 ι
1606 2521 1663 2577 Non
1676 2523 1746 2577 enim
1759 2523 1891 2593 expressit
1904 2524 1967 2595 quid
1991 2527 2042 2580 crit

1256 2608 1389 2664 illudfiic
1400 2609 1497 2664 aitsEt
1519 2621 1571 2665 ate
1593 2611 1654 2682 qaid
1674 2612 1742 2668 uolui
1762 2631 1837 2685 super
1849 2617 1963 2669 terrant?
1976 2615 2043 2672 illud

1256 2697 1404 2764 laudando,
1429 2699 1480 2755 ltoe
1499 2700 1658 2771 abjiciendo,
1685 2712 1825 2774 utrumque
1847 2714 1934 2761 ιιιιιειι
1959 2706 2043 2774 dixit,

1256 2789 1324 2857 Quid
1342 2799 1384 2846 est
1398 2789 1480 2846 tthntt
1493 2790 1568 2859 Quod
1581 2793 1673 2848 oculus
1688 2809 1740 2849 uun
1755 2795 1828 2849 sidit.
1844 2795 1911 2863 Quid
1926 2797 2045 2852 esthoc?

1256 2881 1333 2949 Quod
1354 2880 1440 2938 lldelis
1465 2883 1558 2939 oculus
1578 2899 1630 2941 non
1646 2885 1711 2940 sitit.
1727 2885 1794 2954 Quid
1816 2896 1858 2944 est
1872 2887 1954 2942 tttnut
1967 2888 2045 2956 Qund

1257 2974 1358 3029 invenit
1378 2973 1493 3030 Lazarus
1514 2977 1661 3031 ttlccrnsus.
1683 2977 1751 3046 Quid
1769 2989 1811 3034 ost
1825 2979 1893 3034 hodi
1904 2980 1979 3048 Quod
1995 2981 2044 3035 ha-

1258 3065 1316 3120 buit
1326 3064 1400 3121 dives
1414 3067 1529 3124 iuilatus.
1543 3066 1611 3135 Quid
1634 3078 1676 3126 est
1691 3070 1773 3126 illudi
1793 3071 1869 3139 Quod
1889 3077 1976 3144 perire
1990 3090 2044 3129 non

1259 3166 1353 3226 potest.
1366 3159 1433 3226 Quid
1447 3170 1488 3213 est
1509 3160 1579 3216 hnc?
1601 3162 1676 3230 Quod
1701 3165 1784 3220 tetteti
1798 3180 1849 3220 nou
1865 3174 1960 3236 polest.
1975 3167 2045 3236 Quid

1258 3260 1298 3303 est
1310 3251 1391 3304 illudi
1404 3250 1452 3307 Ubi
1467 3269 1519 3306 nott
1530 3254 1579 3308 erit
1593 3253 1677 3312 luber.
1688 3255 1755 3321 Quid
1767 3265 1808 3312 est
1822 3256 1890 3312 hosi
1903 3258 1978 3326 Quod
1992 3276 2045 3315 auu

1258 3340 1358 3397 deserit
1372 3343 1459 3398 tiator.
1475 3344 1544 3409 Quid
1557 3346 1623 3399 ercirn
1634 3345 1695 3402 ιιιιιι
1707 3357 1743 3401 est
1752 3348 1778 3402 in
1790 3349 1852 3402 coeio
1865 3348 1878 3402 ι
1890 3348 1975 3417 Quidi
1987 3349 2046 3421 lpse

1258 3432 1303 3501 qni
1317 3431 1380 3488 lecit
1399 3434 1513 3501 coelum;
1531 3437 1644 3505 pretinm
1665 3436 1726 3492 lrdei
1742 3447 1792 3493 tuac
1814 3439 1884 3502 licus
1905 3448 1965 3496 tuus
1986 3451 2045 3507 est,

1263 3523 1349 3591 ipsum
1362 3522 1482 3589 habebis,
1499 3540 1528 3580 se
1541 3525 1626 3596 ipsunt
1641 3536 1770 3596 preparat
1783 3528 1920 3597 praetnium
1936 3531 2047 3587 cultori-

1260 3613 1310 3668 hus
1323 3614 1388 3667 snis.
1403 3614 1584 3682 Cottsiderate,
1598 3617 1757 3686 charissimi,
1778 3618 1927 3677 universam
1940 3632 2046 3679 creato·

1260 3721 1328 3770 ram,
1350 3706 1458 3772 ecetram,
1480 3715 1589 3773 termut,
1609 3724 1693 3777 mare,
1722 3726 1779 3780 quse
1802 3712 1828 3768 itt
1846 3713 1926 3778 coelo,
1947 3731 2007 3785 quae
2021 3718 2047 3771 ιιι

1261 3802 1340 3859 tarra,
1355 3810 1414 3864 qun·
1425 3796 1451 3848 in
1466 3797 1542 3862 mari,
1558 3813 1636 3869 qnant
1651 3799 1769 3869 pulchra,
1782 3817 1861 3873 qnam
1877 3805 1953 3869 mita,
1968 3823 2047 3876 quatu

1260 3883 1338 3954 digne
1350 3885 1522 3955 ordinateque
1535 3889 1674 3959 disposita.
1686 3891 1791 3947 liuvent
1803 3908 1849 3948 vos
1860 3894 1908 3949 ista
1920 3895 1931 3950 l
1942 3896 2049 3952 llovent

1261 3975 1349 4044 qtlatte.
1363 3975 1468 4043 Quare?
1480 3978 1545 4046 Quia
1560 3980 1669 4048 pntctna
1684 3991 1755 4036 sunt.
1770 3983 1837 4050 Quid
1852 3994 1893 4040 est
1909 3987 1954 4056 qui
1967 3987 2049 4044 lecit?

1259 4064 1329 4122 'l‘uta
1344 4067 1565 4137 rehebesceretis,
1577 4071 1599 4125 si
1612 4070 1739 4128 videretis
1752 4074 1973 4144 pulchritudinem
1991 4080 2049 4134 Au⁴

1260 4156 1390 4225 quorum.
1405 4157 1473 4226 Quid
1486 4169 1527 4214 εει
1540 4175 1602 4231 erqo
1616 4170 1722 4216 creator
1735 4164 1918 4234 Angelorum?
1938 4165 1997 4234 lpse
2008 4176 2050 4223 est

1263 4248 1400 4316 premium
1413 4249 1472 4304 lidei
1488 4260 1591 4305 vestrae.
1613 4251 1704 4315 hvari,
1731 4252 1795 4323 qnid
1806 4255 1883 4312 vobis
1902 4255 2011 4320 salicis,
2025 4256 2049 4312 si

1262 4339 1331 4393 licus
1344 4338 1399 4408 ipse
1410 4355 1461 4394 non
1475 4341 1550 4396 vohis
1562 4342 1678 4398 sullteit?

1298 4433 1324 4486 ts.
1341 4431 1381 4484 aa
1393 4433 1453 4486 tene
1473 4433 1603 4487 circadam
1615 4435 1767 4504 quotidianis
1783 4438 2048 4506 periculiscaurataae·

1264 4539 1330 4576 arro.
1347 4523 1418 4578 Bene
1441 4538 1505 4595 ergo
1518 4525 1648 4593 rivarnns,
1660 4537 1687 4581 et
1709 4536 1738 4582 ut
1751 4528 1801 4582 hoc
1826 4531 1968 4599 possimus,
1988 4549 2049 4587 etna

1264 4615 1308 4684 qni
1318 4614 1370 4669 hoc
1384 4618 1519 4686 precepit,
1533 4617 1695 4672 invocemus.
1721 4618 1813 4688 Neque
1828 4619 1904 4673 bonae
1916 4621 1976 4675 vita
2001 4638 2036 4679 uo

1264 4714 1327 4760 stre
1340 4715 1473 4761 terrenam
1486 4705 1637 4763 mercedem
1652 4724 1666 4760 a
1680 4708 1793 4763 Donnino
1806 4708 1984 4778 requiramus.
2010 4710 2050 4765 ιιι

1266 4797 1309 4853 illa
1323 4812 1381 4868 qum
1393 4798 1592 4867 promittuntur,
1603 4798 1775 4854 intentionem
1791 4807 1906 4854 mstram
1921 4799 2051 4857 extenda-

1265 4902 1334 4941 mus.
1356 4887 1408 4942 Cor
1425 4896 1546 4942 nostrum
1570 4888 1605 4943 ibi
1620 4903 1758 4958 ponamus,
1772 4888 1816 4944 ιιιι
1832 4899 1984 4960 putrescere
2000 4907 2053 4945 non

1266 4986 1352 5050 praest
1364 4978 1533 5034 saecularibus
1555 4980 1636 5034 euris.
1652 4979 1802 5036 Transeunt
1824 4980 1873 5035 ista
1892 4998 1952 5051 qne
1972 4997 2054 5038 occu·

1267 5080 1330 5140 pant
1358 5070 1488 5136 horulam,
1510 5071 1600 5125 volant
1622 5071 1692 5136 ista;
1718 5086 1801 5140 vapor
1812 5083 1853 5127 est
1870 5071 1922 5125 vita
1938 5071 2054 5128 humana

1269 5176 1348 5233 super
1362 5171 1469 5215 terram.
1482 5161 1616 5216 decedunt
1628 5163 1707 5216 etiam
1722 5161 1805 5232 ipsios
1819 5160 1917 5233 fragilis
1927 5163 1987 5218 vitm
1998 5172 2056 5218 tart·

1268 5259 1294 5305 ta
1307 5261 1334 5307 et
1347 5261 1400 5304 tara
1410 5250 1562 5319 quotidiana
1576 5250 1700 5321 pericula.
1716 5251 1807 5307 Terre
1818 5261 1905 5307 motus
1919 5253 2007 5324 magui
2022 5252 2055 5309 tls

1268 5339 1445 5396 Orientalibus
1456 5341 1625 5407 trtrntiantur;
1641 5341 1776 5398 nonnulle
1796 5357 1898 5413 magne
1911 5343 2057 5414 repentinis

1269 5433 1394 5503 collapsas
1406 5430 1444 5504 (a)
1458 5441 1521 5487 sunt
1539 5433 1670 5489 civitates.
1683 5435 1856 5506 Territiapud
1865 5436 2057 5509 ierosolymam

1270 5523 1315 5594 qui
1325 5523 1427 5579 inerant
1445 5521 1541 5589 ludaei,
1559 5523 1666 5594 Pagani,
1681 5525 1876 5593 catechumeni,
1889 5541 1983 5580 ornnes
1996 5535 2059 5580 sunt

1271 5614 1405 5685 baptizati.
1427 5614 1554 5669 Dicuntur
1576 5613 1688 5669 ioretsse
1710 5616 1834 5686 baptizati
1855 5625 1957 5687 septem
1976 5616 2060 5671 taillia

1270 5705 1419 5761 homiuum.
1444 5704 1555 5776 Signum
1581 5704 1678 5759 Christi
1705 5705 1877 5764 intestibus
1903 5705 2060 5763 iudaomut

1272 5794 1464 5864 ltaptizatorum
1477 5796 1606 5865 apparuit.
1622 5795 1714 5849 ileiatu
1729 5793 1840 5851 fratrum
1858 5797 1975 5854 lideiium
1991 5810 2055 5853 oon

1305 5908 1342 5966 (a)
1353 5913 1421 5956 tuae
1433 5906 1578 5963 uidendum,
1587 5902 1670 5959 ruistis.
