4759 6684
375 559 441 615 tiit

373 688 423 740 per
442 681 536 735 natus;
553 677 580 724 et
604 675 680 723 natus
693 711 700 733 ,
714 676 740 722 et
773 681 880 736 seraper
908 673 1003 730 nattis,
1018 674 1045 720 et
1056 665 1114 719 sine
1125 666 1166 720 in-

373 764 420 817 itio
431 769 517 816 natus.
529 758 568 814 'lu
579 759 642 830 nidd
654 759 732 822 dieis,
743 757 859 813 driancl
875 756 941 811 Erat
953 765 1069 826 tempus,
1081 770 1167 826 quari·

373 855 408 908 do
422 869 474 907 non
496 861 553 908 crat
567 851 587 906 F
590 852 662 909 ilius.
677 850 758 907 Vides
771 850 832 924 quia
852 847 970 903 nondum
985 847 1033 903 tibi
1048 847 1168 905 aseendit

373 943 405 999 ad
420 944 543 999 l‘atrern?
556 943 615 998 Noli
641 953 765 1014 tangere,
790 941 896 996 nolisie
920 940 1040 997 eredere.
1056 939 1169 996 Nonest

372 1046 477 1107 tempus
490 1037 559 1091 inter
572 1037 678 1092 l‘atrem
693 1045 720 1091 et
743 1033 850 1090 Filium.
867 1031 966 1090 Genuit
978 1033 1074 1098 Pater,
1088 1040 1167 1087 natus

370 1138 410 1182 est
433 1126 515 1183 Filius
530 1145 538 1183 ι
552 1127 611 1182 sine
633 1135 754 1196 ternpore
778 1126 823 1180 ille
835 1124 944 1196 genuit,
970 1124 1029 1179 sine
1047 1131 1167 1192 tenpore

371 1228 449 1274 iratus
464 1227 522 1280 est,
537 1233 584 1289 per
597 1233 676 1289 quem
692 1216 759 1273 iacta
779 1225 840 1271 sunt
856 1224 986 1285 tempera.
1009 1213 1053 1269 Sic
1067 1222 1165 1284 tango,

369 1319 397 1365 et
410 1308 531 1366 aseendit
549 1310 595 1364 tibi
610 1309 644 1364 ad
656 1309 774 1364 Patrem.
792 1306 924 1374 l'crbum,
946 1305 992 1361 sed
1003 1313 1166 1360 eoaetmrvnm

371 1401 427 1456 Deo
453 1417 459 1452 :
480 1399 615 1471 Sapientia
639 1399 700 1469 bei,
714 1397 761 1454 sed
784 1398 843 1455 sine
863 1411 1066 1468 nunnunquam
1087 1395 1167 1452 Pater

371 1493 430 1549 tuit.
443 1493 618 1563 Respondere
629 1493 676 1548 tibi
696 1491 922 1558 hebetaretur,
939 1498 967 1546 et
982 1488 1167 1546 contabulatu-

370 1601 398 1638 ra
415 1595 517 1650 tecum,
533 1584 636 1640 dictura
654 1583 700 1639 tibi
715 1583 741 1637 in
763 1581 903 1638 tenebris:
924 1580 1165 1649 Quoraodonntus

370 1677 393 1731 is
406 1676 472 1732 tutet
491 1676 621 1733 Tenebrae
635 1686 723 1732 tecum
741 1677 895 1746 loquuntur.
909 1674 1067 1744 Exponatur
1078 1673 1163 1737 milri,

368 1767 470 1822 elautus
484 1785 491 1821 ι
507 1768 610 1845 clamo,
625 1775 774 1837 exponatur
785 1765 861 1820 mibi.
876 1764 945 1833 Quid
963 1764 1008 1821 tibi
1023 1764 1063 1819 vis
1081 1778 1165 1834 expo-

370 1870 447 1915 natur
457 1862 469 1915 l
480 1860 564 1916 Natus
573 1868 632 1925 est,
648 1875 681 1914 an
695 1875 748 1914 non
759 1858 856 1913 natus?
869 1857 927 1912 Non
943 1857 1015 1912 enim
1036 1864 1108 1912 esset
1122 1855 1166 1911 Fi·

370 1949 435 2017 tius,
447 1950 497 2004 nisi
517 1960 607 2005 natus.
621 1949 648 2006 Si
660 1963 725 2020 ergo
739 1957 881 2012 natusest,
895 1945 944 2002 luit
955 1955 1062 2016 tempus
1076 1961 1163 2016 quari·

368 2040 403 2094 do
416 2057 468 2095 non
478 2051 544 2097 erat.
557 2041 663 2096 Falsum
674 2049 715 2096 ost
729 2039 781 2096 hoc
795 2057 802 2093 ε
817 2047 888 2095 terra
901 2038 1033 2110 loqueris,
1045 2037 1079 2094 de
1094 2046 1165 2093 terra

369 2132 495 2200 loqueris.
510 2133 620 2203 Expone
632 2148 696 2202 ergo
715 2130 795 2195 mihi,
810 2130 864 2197 ait,
876 2129 1012 2200 quomodo
1033 2139 1127 2194 natus,
1141 2128 1164 2183 si

367 2237 473 2291 semper
498 2221 557 2278 luit.
571 2222 629 2277 Non
641 2236 757 2291 expono,
772 2237 823 2276 non
836 2234 956 2288 expono;
968 2234 1022 2275 non
1042 2233 1162 2290 possum.

369 2312 424 2366 lirin
444 2328 549 2382 expono
563 2329 570 2365 :
583 2311 630 2367 sed
643 2327 691 2381 pro
707 2327 748 2367 me
764 2310 919 2383 prophetam
935 2325 1058 2379 oppono,
1081 2307 1164 2365 dene·

283 2452 286 2457 .
367 2403 490 2457 rotiorrern
508 2405 564 2471 eires
578 2403 633 2473 grais
646 2403 773 2456 ennarrabit
800 2401 877 2471 (lsai.
899 2415 963 2468 titt,
978 2400 1027 2471 Sl?

606 2494 720 2549 satiato
740 2492 853 2549 ccxlv
875 2493 925 2564 (o).

580 2592 605 2635 tn
617 2585 704 2635 debis
721 2584 882 2644 paschalibus,
897 2597 946 2633 xrx.

367 2668 405 2723 Dr
432 2669 519 2722 couleur
540 2668 647 2724 lectione
678 2667 830 2735 Earrnpelil,
864 2664 995 2735 Joaranis,
1021 2682 1079 2737 cop.
1105 2682 1161 2735 xx,

708 2759 744 2828 i.
760 2759 835 2813 l-l8.

400 2872 513 2927 estt‘b't
533 2871 675 2928 rtttttblt.
690 2902 726 2910 -
739 2872 766 2925 l.
781 2870 909 2926 Christum
923 2870 1089 2925 resurrooeiese
1110 2887 1163 2926 nort

365 2960 1162 3031 credebnntdpostoli.EtlrodieresurrcetioDomitiirecitata

365 3062 407 3108 est
416 3053 549 3108 desaneto
557 3051 709 3122 Erarvgelio.
720 3051 830 3107 Lectum
838 3060 976 3108 estoutern
991 3051 1161 3120 Evangelium

367 3142 510 3201 secundum
519 3143 659 3199 loannem.
671 3141 924 3213 Audirimosgueein
932 3141 1164 3197 aliislibrislivan·

301 3264 304 3269 ·
365 3235 426 3304 gelii
437 3249 490 3290 non
505 3234 684 3289 audieramus.
700 3232 829 3289 Omnibus
841 3232 948 3302 quidem
960 3233 1110 3289 eommunis
1121 3241 1163 3290 cst

366 3326 518 3395 praelicatio
532 3327 669 3392 veritatis,
686 3336 713 3381 et
725 3325 760 3381 de
771 3324 905 3383 nivolonte
916 3339 1010 3380 omnes
1020 3324 1160 3381 biberant:

365 3417 413 3472 sed
436 3418 461 3471 in
478 3417 667 3486 predicatione
680 3418 832 3488 Evangelii,
843 3417 912 3472 sieut
926 3432 997 3487 saepo
1010 3420 1162 3475 commonui

365 3508 1162 3577 (Iliaritatemvestram,alinonxncs‚aliatres,aliaduo,alia

366 3599 461 3668 singoli
473 3607 630 3669 posuerunt.
644 3598 721 3654 blodo
738 3613 802 3669 ergo
813 3599 883 3670 quod
903 3598 1052 3654 audivimus
1065 3615 1162 3656 secun·

366 3690 429 3745 darm
443 3690 553 3748 loannis
564 3692 746 3762 Evavrgelium,
761 3693 822 3762 guia
832 3692 912 3747 hieria
926 3692 992 3748 vidit
1002 3693 1161 3761 Dominum,

366 3791 391 3837 et
407 3781 475 3837 dixit
494 3781 527 3836 ad
541 3797 599 3838 carn
616 3782 762 3849 Dorulaus,
778 3781 842 3837 Noh'
861 3799 900 3836 nte
914 3792 1032 3854 turrgere3
1050 3785 1163 3841 norrdum

366 3873 432 3927 enim
455 3874 556 3928 ascendi
577 3873 612 3927 od
633 3871 756 3940 Patrem,
776 3874 849 3930 solus
869 3875 1031 3945 evangelista
1045 3874 1162 3932 loannes

366 3974 568 4019 commemorat.
589 3964 656 4019 ilinc
677 3979 742 4034 ergo
766 3963 928 4035 loqrrcndum
959 3960 1001 4019 'cst
1023 3964 1161 4021 sanctitati

366 4065 472 4112 restrae.
489 4055 559 4110 l'isis
573 4055 653 4111 etiarn
667 4054 866 4111 linteaminibus
876 4055 902 4109 in
915 4055 1050 4124 sepulcro,
1066 4056 1160 4111 Domi·

367 4163 429 4201 orrnr
445 4162 497 4200 oon
512 4146 692 4202 resurrexisse
704 4144 885 4212 crediderant,
894 4144 942 4199 sed
955 4145 1072 4199 ablatum
1088 4159 1159 4200 csse.

367 4238 426 4306 lpse
438 4237 555 4293 loannes
567 4235 615 4309 (se
627 4237 711 4306 ipsum
722 4235 794 4291 enim
807 4234 887 4301 dicit,
900 4251 974 4304 quem
988 4235 1106 4306 diligebat
1116 4234 1161 4290 le·

366 4331 427 4398 sris)
441 4344 503 4384 eum
518 4327 639 4382 audisset
653 4325 835 4382 annuntiantibus
847 4325 1000 4380 mulieribus
1011 4333 1038 4380 et
1047 4324 1160 4381 dicenti·

366 4419 434 4487 bus,
450 4418 573 4473 Tulei-unt
589 4416 723 4473 Dominum
738 4433 821 4471 areum
831 4417 861 4471 de
871 4425 1047 4484 rrronmnento,
1062 4431 1160 4472 cucur·

366 4512 401 4565 rit
413 4527 474 4564 euin
488 4511 577 4575 Petro,
589 4520 617 4567 ct
629 4510 741 4565 attendit
752 4511 779 4564 in
790 4519 1003 4578 monumentum,
1019 4510 1085 4565 vidit
1103 4511 1160 4569 sola

367 4602 540 4668 linteamina,
555 4611 582 4655 et
594 4601 715 4656 eredidit.
732 4601 801 4667 Quid
820 4600 952 4655 eredidit?
970 4600 1027 4655 Non
1040 4601 1101 4671 quia
1114 4616 1159 4656 re-

367 4701 528 4755 surrexerat,
544 4693 590 4746 sed
605 4694 666 4762 quia
681 4692 714 4747 de
727 4702 899 4747 monumento
910 4693 1033 4762 perierat.
1049 4692 1104 4748 lloe
1117 4707 1160 4748 sc·

366 4785 473 4854 agerentia
489 4784 567 4838 verba
582 4792 722 4837 testantur.
738 4783 783 4838 Sic
794 4784 865 4837 eninr
880 4784 1074 4851 scriptumest,
1088 4784 1159 4854 quod

367 4874 446 4929 truendo
459 4873 608 4928 audirimus
622 4893 629 4928 ι
647 4873 767 4939 deradit,
784 4872 858 4937 uidit,
870 4883 894 4926 et
909 4874 1015 4927 credidit
1028 4872 1159 4928 :nonduin

366 4967 432 5020 eninr
448 4963 540 5018 sciehat
555 4963 720 5034 Scripturas,
737 4962 795 5033 greio
806 4962 934 5033 oportebat
948 4978 1005 5016 euro
1027 4964 1159 5019 outmtuit

366 5073 504 5129 reserpere.
517 5057 647 5126 apparuit
658 5071 722 5127 ergo
732 5055 794 5123 ninid
806 5054 919 5110 credidit
933 5073 939 5109 ε
954 5054 1024 5123 quod
1035 5054 1094 5110 hdei
1105 5070 1159 5112 non

365 5158 438 5212 evat,
454 5150 505 5205 boe
517 5147 648 5203 credidit:
664 5145 787 5210 credidit,
801 5144 847 5200 sed
862 5143 957 5200 laisum
969 5144 1089 5199 credidit.
1102 5146 1158 5216 hp-

367 5242 454 5310 pnruit
475 5241 500 5297 ei
521 5249 614 5310 postea
632 5239 778 5303 Dominus,
797 5235 897 5307 fugavit
914 5235 1028 5305 ialsunr,
1048 5235 1159 5293 inseruit

367 5349 468 5388 verum.

401 5423 513 5481 carba
529 5422 560 5477 ll.
572 5452 607 5463 -
617 5422 646 5477 2.
662 5419 802 5491 Difficultas
814 5420 839 5475 in
851 5418 944 5476 Christi
955 5420 1033 5477 oerlris
1043 5420 1076 5473 oei
1084 5419 1159 5493 dlug-

366 5514 493 5569 dolenonr.
509 5514 609 5569 Tamen
622 5512 686 5567 illud
700 5512 770 5582 quod
785 5511 854 5567 solet
866 5527 973 5566 movere
991 5512 1117 5567 lectorem
1131 5521 1158 5568 et

365 5608 514 5663 auditorem
530 5621 582 5659 non
601 5604 764 5660 incuriosum
777 5619 865 5673 neque
879 5604 1073 5675 negligentem,
1087 5619 1155 5674 purir-

366 5699 446 5755 nxodo
468 5698 503 5752 sit
533 5697 651 5762 dictum,
670 5693 733 5748 Noli
771 5711 810 5749 me
822 5705 940 5767 lanigera
958 5697 1069 5749 nondmrt
1091 5697 1157 5749 errim

398 5813 491 5874 'nudus
500 5809 620 5860 sermonis
630 5809 745 5870 seriptum
757 5807 882 5871 exemplar
892 5806 985 5857 nullum
993 5806 1102 5857 vidimus.
1111 5813 1157 5878 lta·

367 5871 446 5926 stalnt
475 5874 499 5920 in
528 5872 602 5922 editis
632 5878 682 5920 lnr.
710 5876 746 5919 Fr.
766 5876 817 5919 ratu
840 5875 894 5920 tor.
918 5877 944 5920 et
974 5871 998 5918 in
1019 5872 1156 5930 appendice

346 5932 349 5937 '
367 5931 608 5996 oprermnrntgennt.
799 5970 803 5976 .

397 5992 434 6051 (a)
447 5991 517 6053 ultis,
528 5995 560 6043 de
573 6002 692 6055 Tempore
706 5992 757 6043 liiii.

994 551 1023 605 s.
1044 547 1226 605 recusant
1248 517 1422 607 eruscotv'

1946 571 2012 627 ttat

1221 667 1323 721 mnndi
1331 670 1366 723 ml
1376 669 1498 738 l’otrern,¹
1513 673 1555 729 hie
1569 675 1723 745 videamus,
1741 680 1858 738 homino
1870 683 1929 753 tine
1943 687 2014 757 aeliu·

1222 767 1312 825 vante,
1326 760 1387 829 quaid
1400 760 1500 817 dietum
1526 765 1571 819 sit.
1599 766 1688 824 titii-et
1710 771 1784 827 enim
1810 772 2011 845 trochoides.

1222 848 1285 904 Noti
1311 868 1350 905 me
1388 862 1491 925 tetigere
1503 873 1513 921 ;
1539 858 1651 913 nondam
1679 861 1750 916 enim
1772 866 1877 918 amendi
1907 866 1943 920 od
1965 866 2013 923 ra·

1220 952 1292 996 trem.
1322 944 1435 1012 Quando
1467 949 1538 1003 eninr
1566 953 1687 1009 aseendit
1711 955 1746 1010 ard
1773 956 1881 1013 Patrem
1906 960 1919 1014 i
1944 960 2012 1019 scu

1220 1034 1338 1091 indicant
1358 1038 1442 1092 Aetas
1462 1038 1671 1109 Apostolorum,
1685 1045 1895 1116 quadragesimo
1905 1050 1949 1106 elie
1958 1064 2011 1123 pret

1220 1130 1443 1187 resurrectionem
1455 1146 1547 1200 snam,
1561 1150 1641 1204 quern
1662 1136 1737 1193 diem
1759 1138 1913 1198 innomine
1936 1144 2010 1213 ipsius

1220 1218 1378 1275 celebraturi
1395 1237 1510 1280 sumas:
1527 1234 1590 1281 tunc
1615 1229 1736 1284 ascendit
1749 1232 1783 1286 ad
1807 1232 1935 1296 Patrem:
1955 1245 2009 1293 tvae

1219 1324 1281 1364 enm
1305 1310 1428 1381 discipuli
1452 1314 1497 1384 qui
1521 1318 1642 1373 titanibus
1669 1320 1832 1391 tetigerunt,
1853 1326 1941 1379 viculis
1965 1327 2008 1385 dc·

1219 1399 1360 1457 duxerunt.
1383 1404 1459 1461 lune
1482 1408 1571 1462 sorrtrlt
1591 1410 1712 1480 angelica
1729 1427 1779 1466 vox
1798 1431 1806 1467 ε
1825 1412 1881 1468 l'irr'
1898 1415 2006 1485 Geliloei,

1218 1491 1280 1560 quid
1293 1494 1374 1560 atatis,
1388 1494 1512 1552 intuentes
1523 1499 1550 1552 ia
1560 1493 1671 1555 coelem?
1682 1501 1732 1556 llic
1745 1502 1823 1559 Iertes
1845 1508 1893 1576 gui
1915 1526 2007 1564 ouum-

1219 1593 1277 1652 ptnr
1288 1593 1325 1638 ert
1337 1601 1353 1636 o
1365 1585 1447 1654 uobis,
1461 1588 1498 1642 sic
1510 1589 1590 1643 omrlet
1603 1593 1728 1660 quorrmdo
1735 1610 1793 1647 euin
1806 1596 1908 1651 vidistis
1916 1610 2007 1654 etentrrtv

1217 1676 1243 1727 in
1256 1674 1345 1729 coelum
1365 1674 1432 1748 (det.
1447 1694 1466 1744 r,
1478 1680 1565 1750 l-ll).
1578 1681 1606 1736 Si
1620 1698 1684 1752 ergo
1698 1692 1762 1739 tnnc
1776 1688 1901 1743 aseendit
1915 1691 1947 1745 ad
1961 1691 2007 1747 Ρα-

1219 1772 1285 1820 trem
1298 1806 1306 1833 ,
1321 1767 1384 1836 quid
1399 1769 1529 1837 dicinvns,
1547 1772 1643 1829 iratres
1659 1775 1731 1830 mei?
1741 1777 1825 1832 llaria
1842 1796 1897 1834 non
1912 1791 2009 1852 poterm

1217 1873 1278 1911 errrn
1298 1867 1407 1928 tarrgere
1421 1861 1447 1915 in
1465 1872 1534 1918 terra
1552 1873 1685 1929 stantem,
1704 1877 1731 1923 et
1745 1879 1852 1939 poterat
1867 1882 1973 1944 luitgero
1985 1877 2008 1931 ix

1217 1947 1286 2002 eoelo
1306 1949 1463 2005 sedentem?
1475 1952 1503 2006 Si
1520 1953 1563 2009 hic
1582 1972 1634 2010 non
1654 1966 1776 2026 poterat,
1801 1971 1905 2030 quarata
1925 1966 2008 2021 virinus

1218 2048 1321 2106 parterm
1334 2039 1389 2094 ibit
1404 2041 1472 2109 Quid
1483 2054 1526 2099 cst
1537 2060 1612 2117 ergo,
1629 2046 1935 2122 necromantem
1948 2058 2009 2111 mire

1216 2130 1319 2184 ascendi
1332 2132 1366 2185 ud
1376 2133 1502 2190 Patrem?
1519 2135 1565 2193 Sic
1581 2138 1652 2211 enirn
1665 2150 1762 2195 serviant
1775 2144 1873 2212 rerba,
1889 2155 2008 2217 ungunta

1216 2221 1327 2284 diecret,
1344 2223 1420 2279 Tune
1438 2241 1482 2282 me
1495 2235 1575 2299 tange
1588 2270 1595 2294 ,
1609 2244 1669 2284 cum
1689 2232 1857 2300 ascendero;
1871 2245 2008 2308 antequam

1215 2312 1367 2379 ascendum,
1384 2315 1437 2369 noli
1451 2332 1493 2372 rue
1507 2326 1625 2388 tangere.
1640 2319 1662 2374 0
1676 2320 1797 2389 bortrine,
1811 2323 1907 2392 hines,
1923 2339 2006 2384 etoon

1217 2413 1310 2474 tergm
1325 2421 1387 2462 cum
1398 2409 1559 2479 ascenderis,
1581 2414 1703 2481 tangam?
1718 2413 1819 2470 Deinde
1835 2417 1857 2470 si
1868 2430 2006 2491 antequam

1215 2497 1249 2551 ad
1271 2497 1377 2553 Patrem
1393 2501 1567 2567 ascenderet,
1592 2513 1689 2557 tactum
1709 2504 1838 2561 horrebat
1851 2507 2006 2575 bumannum

1215 2588 1349 2659 quomodo
1359 2604 1388 2645 se
1400 2590 1536 2660 discipulis
1546 2609 1599 2647 narn
1609 2593 1694 2649 solum
1704 2596 1862 2660 videndum,
1873 2599 1920 2654 sed
1931 2602 2007 2657 etiam

1215 2682 1432 2738 contrectandum
1443 2685 1573 2753 prebuit,
1589 2686 1695 2756 giraudo
1708 2687 1777 2743 dixit
1792 2707 1799 2741 :
1817 2689 1887 2756 Quid
1896 2694 2008 2763 cogitetis

1214 2770 1241 2824 in
1254 2773 1491 2830 conditionariis?
1509 2775 1596 2832 Videte
1609 2795 1698 2834 artorius
1712 2796 1781 2835 tracus
1793 2791 1817 2836 et
1831 2783 1983 2851 pedestrem
1996 2801 2006 2842 .·

1215 2865 1326 2934 palpate,
1341 2875 1365 2920 et
1378 2867 1475 2932 uidete,
1490 2869 1664 2938 guiuspiritus
1677 2884 1816 2926 coracinet
1830 2890 1888 2927 ossa
1902 2891 1952 2929 nou
1966 2876 2008 2930 lte-

1215 2955 1263 3022 bet,
1275 2957 1339 3010 sient
1352 2973 1391 3012 me
1401 2959 1489 3013 uidetis
1502 2959 1592 3014 hebere
1606 2960 1681 3033 (Luc.
1695 2979 1770 3030 xxiv,
1785 2964 1906 3035 aia-sm?
1922 2965 2007 3023 lxrcrc·

1214 3045 1292 3100 dnlus
1305 3048 1384 3102 etiarn
1399 3048 1443 3103 itte
1465 3048 1610 3120 discipulus
1624 3051 1741 3133 Thomas
1762 3054 1849 3124 tetigit
1866 3055 1934 3112 latus
1949 3073 2006 3127 per·

1214 3136 1338 3205 loentum,
1351 3147 1379 3194 et
1392 3139 1551 3195 exclamarit
1565 3159 1572 3194 :
1588 3140 1713 3197 Donrirms
1726 3160 1796 3197 meus
1809 3154 1835 3198 et
1848 3143 1918 3199 Dein
1930 3146 2007 3203 erma!

1214 3228 1326 3293 Quavvdo
1337 3230 1439 3299 tetigit,
1453 3229 1571 3284 troandum
1582 3232 1741 3287 aseervderat
1755 3233 1836 3289 lesus
1849 3234 1881 3289 ad
1894 3235 2004 3291 l'atrerr.

1215 3319 1254 3372 hn
1269 3318 1336 3374 lnrte
1350 3320 1448 3390 aliquis
1461 3321 1589 3390 insipieus
1604 3320 1703 3377 dixerit
1720 3342 1727 3376 :
1748 3324 1899 3394 Antequam
1913 3326 1946 3379 ad
1960 3326 2004 3381 ra-

1215 3419 1282 3466 nem
1297 3412 1462 3480 ascenderet,
1477 3414 1525 3467 vivi
1540 3429 1600 3468 enm
1615 3423 1740 3484 poterant
1751 3424 1872 3487 tarrgere;
1886 3418 2005 3473 rivulieret

1214 3514 1301 3559 avrtem
1315 3521 1367 3560 non
1382 3516 1515 3576 poteraut,
1529 3506 1579 3561 nisi
1594 3522 1655 3561 curn
1666 3507 1699 3561 ad
1714 3507 1822 3562 Patrem
1838 3510 2004 3566 aseevnterert

1213 3594 1336 3650 absurda
1359 3604 1400 3651 est
1423 3598 1471 3650 ista
1495 3597 1640 3668 cogitatio,
1665 3609 1691 3653 et
1712 3613 1840 3668 perversa
1867 3599 2002 3655 sententia.

1215 3687 1326 3743 Prorsus
1348 3689 1418 3758 qrrod
1438 3689 1539 3743 audivit
1563 3689 1663 3754 llaria,
1688 3691 1779 3746 audiat
1805 3691 1935 3747 Ecclesia.
1954 3693 2003 3749 lluc

1214 3779 1432 3841 onrnesaudiant,
1443 3795 1536 3833 omnes
1547 3780 1705 3849 intelligant,
1713 3796 1809 3837 ornnes
1820 3783 1927 3837 iaciant.
1942 3782 2002 3852 erid

1214 3883 1278 3938 ergo
1290 3877 1346 3932 est,
1364 3868 1426 3922 n'ott
1440 3886 1481 3924 me
1498 3878 1617 3941 tongere:
1631 3871 1742 3925 nondum
1763 3872 1832 3926 enim
1852 3875 1956 3926 ascrrrdi
1973 3873 2002 3927 ud

1214 3958 1337 4014 Patrem?
1350 3960 1424 4028 Quod
1436 3977 1478 4016 me
1493 3961 1580 4027 vides,
1595 3961 1731 4017 bominem
1747 3965 1835 4019 solum
1850 3974 1944 4034 putas,
1958 3965 2002 4019 ra·

1215 4051 1247 4104 tri
1260 4051 1390 4121 aqualem
1410 4068 1470 4107 esso
1484 4052 1572 4107 adbuc
1583 4053 1671 4108 neseis
1687 4071 1694 4108 ι
1708 4055 1765 4108 noli
1783 4070 1829 4110 rne
1844 4066 1952 4128 tangere
1967 4067 2001 4111 ta·

1214 4141 1287 4209 lein,
1308 4144 1361 4197 noli
1380 4143 1554 4200 inhominem
1569 4145 1655 4199 solum
1675 4146 1807 4212 credere,
1824 4147 1871 4202 sed
1894 4148 2002 4204 l'etbun

1214 4234 1315 4302 aequale
1326 4233 1440 4302 genitori
1462 4234 1590 4304 irrtell'ge.
1601 4235 1669 4304 erid
1678 4250 1742 4304 ergo
1753 4246 1796 4291 ost
1807 4277 1815 4302 ,
1831 4236 1897 4291 h'oh'
1905 4255 1943 4293 rne
1951 4248 2001 4291 terr·

1213 4325 1291 4398 gere?
1302 4323 1360 4379 Noli
1374 4325 1495 4380 credere.
1515 4326 1582 4393 Quid
1604 4327 1656 4380 nuli
1674 4327 1805 4383 eredere?
1818 4330 1886 4398 Quia
1903 4331 1953 4386 hoe
1966 4346 2002 4385 so·

1216 4415 1270 4470 lum
1291 4431 1349 4470 sum
1364 4417 1433 4487 quud
1452 4417 1537 4472 vides.
1552 4419 1702 4474 hscendam
1719 4420 1752 4475 ad
1767 4421 1894 4489 Patrem,
1911 4434 1936 4480 et
1950 4434 2001 4478 tnnc

1213 4514 1301 4578 lange.
1320 4507 1378 4562 Tibi
1396 4508 1522 4571 ascendo,
1549 4509 1654 4579 quarxdo
1680 4510 1848 4565 intellexeris
1869 4515 2000 4585 equdem.

1212 4598 1323 4665 Quiando
1343 4600 1413 4654 enirn
1430 4615 1472 4656 me
1491 4609 1566 4671 patus
1589 4602 1737 4666 minorem,
1754 4604 1875 4665 nondum
1895 4606 2001 4661 ascendo

1213 4690 1269 4745 tibi.

1220 4855 1222 4858 Ι
1249 4780 1361 4837 carba
1375 4779 1417 4836 lli.
1429 4812 1464 4821 —
1474 4781 1500 4837 3.
1515 4780 1577 4836 Noli
1589 4790 1699 4854 tongere,
1709 4782 1736 4835 id
1745 4793 1781 4836 erl
1791 4825 1800 4850 ,
1812 4787 1866 4840 noh'
1881 4787 1999 4841 hominen

1212 4884 1309 4928 tourtam
1324 4875 1434 4930 credere.
1450 4875 1571 4946 Tangere
1585 4884 1694 4939 autem,
1714 4873 1828 4930 credere
1844 4892 1926 4945 esse,
1947 4889 2000 4949 puto

1211 4966 1272 5036 qrria
1283 4962 1361 5019 laeile
1373 4979 1514 5034 possumus
1529 4964 1678 5034 intelligere
1690 4965 1724 5020 de
1739 4965 1782 5020 illa
1804 4968 1937 5035 muliere,
1950 4984 1999 5039 gna

1212 5058 1298 5129 tetigit
1311 5057 1442 5112 llmbriam
1453 5057 1608 5112 vestimenti
1621 5054 1730 5124 Christi,
1741 5066 1768 5114 et
1781 5058 1857 5113 salsa
1871 5060 1941 5116 lueto
1958 5069 1998 5115 est.

1212 5147 1398 5204 herordamini
1421 5148 1595 5218 Evaxxgelinm
1616 5166 1622 5201 :
1645 5147 1772 5203 hominus
1787 5149 1869 5205 lesus
1888 5152 2000 5207 Christus
2055 5196 2057 5219 ,

1212 5243 1266 5296 lint
1281 5242 1313 5297 ad
1327 5239 1483 5296 visitandam
1505 5240 1708 5314 archisynagogi
1728 5241 1830 5308 liliam,
1846 5260 1909 5314 qrrae
1924 5247 2000 5316 primo

1212 5334 1331 5389 xinvrtiata
1352 5331 1401 5387 tuit
1417 5331 1538 5398 infirma,
1555 5340 1647 5402 postea
1663 5341 1777 5386 mortua.
1794 5331 1844 5388 lllo
1862 5342 1999 5406 pergente,

1211 5440 1273 5481 cere
1288 5424 1384 5479 mulier
1397 5422 1430 5478 de
1445 5431 1597 5477 transverso
1610 5421 1692 5489 venit,
1707 5438 1767 5493 quar
1781 5421 1856 5478 durau
1870 5426 2000 5495 sanguinis

1210 5518 1349 5574 laborabat
1366 5532 1413 5586 per
1423 5515 1563 5572 duodecim
1577 5529 1661 5570 annos
1673 5555 1681 5580 ,
1695 5523 1723 5569 et
1741 5514 1767 5569 in
1782 5515 1895 5571 medicis
1910 5516 1999 5571 irtus-tra

1210 5609 1364 5666 curantibus
1376 5616 1467 5663 elnon
1480 5605 1645 5669 sanantibus,
1660 5606 1749 5658 omnia
1764 5619 1813 5659 sua
1829 5621 1999 5675 consumpse·

1210 5712 1252 5758 ται
1269 5720 1275 5755 :
1290 5701 1409 5771 dixitque
1423 5699 1449 5753 in
1464 5697 1545 5753 corde
1561 5711 1619 5763 sut),
1633 5695 1665 5753 Si
1679 5697 1781 5766 tetigero
1792 5696 1921 5766 privinum
1933 5696 2001 5751 neti·

1210 5793 1286 5848 aretati
1301 5794 1365 5862 rjtts,
1379 5790 1450 5846 solvo
1463 5805 1505 5844 ero
1518 5786 1631 5860 (hurih.
1647 5802 1692 5848 tx,
1707 5786 1739 5841 st
1749 5785 1771 5856 l.
1792 5786 1849 5842 Hbc
1867 5787 1950 5856 ipsura
1962 5786 1999 5839 di·

1210 5903 1282 5948 erre,
1293 5885 1348 5955 jam
1363 5894 1471 5953 tangere
1482 5882 1539 5936 luit.
1557 5880 1743 5949 herriqneandi
1755 5879 1924 5935 sententiam.
1938 5880 1998 5933 (tvvm

1211 5979 1283 6035 silva
1294 5977 1361 6032 iacta
1374 5983 1445 6031 esset
1459 5971 1604 6031 secundum
1619 5970 1698 6027 sideru
1712 5986 1805 6039 suam,
1819 5971 1854 6026 ait
1872 5971 1996 6028 boantum
