4759 6684
412 507 466 567 tas

413 623 536 695 quianon
550 619 611 676 inde
621 617 701 689 coepit
712 615 793 671 lectar
806 632 810 665 :
826 622 853 668 ct
863 622 985 682 tanquam
998 610 1133 682 qrraaenar
1142 609 1202 665 arri·

414 728 474 768 ratris
486 710 629 773 audituris,
645 705 788 777 dequibus
807 701 1027 774 promissionibus
1045 701 1116 756 dicat
1130 702 1203 770 llpo-

415 806 510 869 stulus,
534 802 590 856 llos
610 815 669 871 erqo
691 793 867 868 promissiones
891 793 1022 858 dolentes,
1044 789 1201 853 charissimi,

413 894 560 949 ntandcmttt
573 907 618 944 rror
631 888 661 942 ai
671 889 739 941 ornei
749 884 949 954 coinquinatione
960 883 1043 936 cantia
1056 891 1078 937 et
1087 883 1200 951 spiritua.

412 984 532 1055 linquunt
547 982 616 1037 enirn
631 979 763 1050 negotium
779 977 856 1033 uobis
869 975 1022 1046 imponitur,
1038 983 1065 1030 ct
1078 990 1129 1028 urm
1143 989 1203 1043 par·

413 1090 461 1129 rus
474 1073 558 1137 labor,
573 1070 701 1126 mundare
715 1083 763 1123 nns
783 1069 817 1123 alt
832 1068 902 1122 omni
917 1066 1129 1136 coinquinatione
1142 1081 1202 1121 car·

412 1165 454 1219 nis
468 1173 494 1219 et
512 1161 620 1232 spiritns
633 1163 682 1214 :‘et
700 1175 778 1215 nemo
793 1159 903 1227 suscipit
920 1156 990 1211 hunc
1005 1155 1135 1222 laborem,
1151 1154 1202 1211 nisi

411 1254 502 1311 audiat
522 1252 705 1324 promissionis
726 1250 886 1310 mercedem.
906 1246 972 1302 Cum
1000 1262 1063 1317 erqo
1083 1246 1202 1302 laborem

412 1345 591 1403 mundationis
612 1344 701 1400 carnis
721 1351 748 1397 et
771 1342 877 1413 spiritus
896 1355 975 1395 nemo
994 1339 1135 1409 suscipiat,
1151 1338 1202 1393 nisi

413 1438 522 1511 praemio
536 1436 674 1500 invitatum
691 1431 780 1487 nescio
797 1430 930 1502 quomodo
944 1430 1040 1484 lactum
1054 1439 1095 1484 est
1109 1438 1137 1483 ut
1149 1428 1201 1484 Le-

413 1542 471 1585 ctor
485 1526 519 1584 alt
533 1526 676 1581 indictione
690 1523 789 1579 laboris
808 1523 945 1592 inciperet,
959 1531 1012 1577 eta
1028 1520 1202 1591 promissione

413 1619 543 1675 mercedis
556 1633 608 1672 non
625 1616 763 1685 inciperet.
776 1613 827 1669 Sed
842 1614 912 1668 [leus
923 1611 1006 1666 noluit
1020 1608 1139 1665 iraudare
1152 1625 1202 1663 au·

410 1708 524 1763 ditarem
542 1708 681 1761 intentum.
697 1704 724 1761 si
738 1704 804 1758 iorte
819 1701 956 1758 dubitabat
973 1701 1105 1770 suscipere
1126 1700 1202 1755 labo·

413 1815 469 1854 rcrn
484 1794 661 1853 mundationis
675 1794 764 1850 carriis
777 1803 804 1848 ct
822 1792 945 1865 spiritns,
960 1793 1004 1862 qui
1018 1808 1069 1846 uon
1082 1790 1203 1847 andierat

412 1889 573 1953 mercedem,
585 1894 671 1941 armet
684 1883 756 1940 suad
771 1882 929 1954 principium
945 1881 1065 1937 lectionis
1074 1880 1201 1951 apostoli·

412 1995 450 2032 cae
466 1995 472 2030 :
488 1975 676 2047 promissiones
690 1983 777 2027 autem
791 1972 812 2026 si
824 1973 928 2041 quaerit,
943 1970 1062 2026 attendat
1074 1969 1107 2024 ad
1123 1970 1202 2024 dnum

413 2068 534 2123 luc-tinnis
552 2066 723 2138 prnplrcticar.
737 2063 788 2119 itti
803 2065 873 2118 euim
894 2063 978 2117 linivit
995 2061 1147 2132 prophetica
1162 2061 1202 2115 ie·

412 2162 480 2223 ctio,
496 2159 530 2213 ilti
551 2166 591 2211 ast
611 2155 751 2227 promissio
765 2169 773 2207 t
787 2153 858 2209 undo
872 2153 953 2224 coepit
971 2152 1090 2223 Apostoli
1106 2151 1200 2217 lectio,

413 2250 448 2304 ‘rut
459 2258 500 2304 cst
513 2247 601 2317 operis
615 2245 733 2300 indictio.

448 2340 475 2394 2.
491 2337 646 2408 cupiditates
660 2352 709 2389 aon
722 2335 854 2404 liniarum,
865 2335 909 2389 sed
921 2344 1053 2405 auqentar,
1063 2334 1086 2387 ri
1093 2349 1202 2404 praten·

413 2433 449 2485 tia
465 2437 566 2499 propter
578 2436 689 2481 terrenas
704 2426 882 2496 prontissioues
895 2434 1095 2478 contemnantur.
1109 2424 1202 2494 Eriga-

412 2536 473 2576 mus
483 2533 548 2589 ergo
562 2533 621 2582 nus,
641 2527 667 2571 et
682 2515 840 2571 mundemus
854 2514 888 2570 alt
901 2513 975 2570 onrrri
988 2513 1203 2585 coinquinatione

413 2611 503 2666 cernuis
517 2619 544 2665 et
558 2608 683 2679 spiritns,
699 2604 748 2660 iras
761 2603 952 2676 promissiones
973 2601 1111 2658 imitentes.
1132 2602 1204 2669 Quas

413 2699 619 2773 prornissioues‘?
630 2697 678 2763 Qui
691 2707 773 2750 autem
785 2695 847 2748 arilei
854 2694 933 2748 dediti
943 2704 1024 2760 aaut,
1035 2693 1099 2749 dicit
1113 2694 1202 2748 [lonti-

415 2808 465 2846 nus
486 2806 534 2861 per
553 2789 666 2853 isaiam,
683 2787 964 2856 possidendorum,
988 2794 1011 2839 et
1030 2785 1203 2840 inhabitabunt

414 2893 524 2937 montem
540 2887 654 2933 sanctum
670 2894 761 2932 aream.
779 2876 833 2930 llas
848 2892 906 2947 erqo
921 2875 1096 2947 pientissimae
1109 2875 1204 2931 laben·

414 2986 461 3040 tea,
474 2971 624 3027 attondemur
637 2986 682 3023 nos
696 2969 727 3023 cd
739 2969 806 3022 onim
816 2966 1015 3040 coinquinatione
1023 2967 1108 3023 earnis
1117 2977 1141 3022 ct
1149 2969 1204 3038 api-

413 3064 488 3120 ritaa.
499 3063 568 3118 uicit
581 3061 694 3132 aliquis:
710 3060 742 3114 Et
754 3069 893 3130 propterea
906 3074 949 3115 me
961 3058 1094 3115 nrtrudabo
1104 3073 1118 3114 a
1128 3060 1204 3115 coin·

413 3153 568 3226 quinatioue
581 3151 669 3207 canus
682 3160 709 3206 et
727 3151 846 3221 spiritns,
862 3157 891 3204 ut
903 3149 1052 3220 possideam
1066 3158 1163 3207 terram
1176 3158 1204 3205 et

416 3244 563 3301 inhabitem
583 3240 722 3297 montensi
737 3240 832 3296 Procul
847 3238 929 3295 dultin
949 3241 1119 3311 qtraereudum
1141 3240 1203 3312 qnid

415 3334 467 3393 silti
480 3335 536 3389 vult
546 3332 680 3403 possessio
691 3339 770 3386 terre
783 3340 809 3386 et
820 3332 918 3387 montis
928 3331 1055 3387 lralritatio
1069 3348 1077 3386 a
1091 3348 1125 3387 ne
1137 3331 1204 3388 torte

414 3430 523 3497 sperent
536 3422 668 3487 homines,
682 3421 748 3477 tatas
760 3421 944 3492 possessiones
957 3436 989 3499 se
1000 3434 1166 3495 accepturus,
1178 3431 1204 3477 ct

416 3532 469 3573 uon
482 3516 574 3571 lirnium
587 3512 768 3585 cupiditatem,
787 3511 833 3567 sed
848 3511 988 3577 differant;
1003 3513 1057 3568 imo
1073 3526 1202 3584 arrqeam,

415 3618 439 3664 ct
456 3614 626 3663 contemnant
645 3618 734 3675 parra,
749 3610 871 3674 putantes
888 3616 917 3658 so
930 3602 964 3659 de
979 3604 1036 3676 ipso
1049 3619 1148 3675 genere
1160 3619 1206 3661 ac·

414 3709 608 3770 cepturosesse
620 3697 730 3767 majora.
745 3695 887 3762 Quiscnim
902 3711 954 3749 uon
963 3703 1115 3750 contemnat
1125 3710 1204 3752 unarn

414 3791 579 3853 eudociam,
599 3788 621 3843 si
647 3788 683 3842 illi
703 3786 872 3858 promittatur
892 3787 954 3856 quia
976 3801 1146 3857 possessurus
1164 3798 1206 3843 est

415 3881 543 3936 centum?
558 3881 610 3935 lut
622 3878 681 3950 quis
695 3892 748 3932 nun
760 3884 913 3933 contemnat
921 3877 1029 3934 delicias
1039 3878 1116 3933 unius
1127 3894 1205 3949 prun-

416 3971 463 4035 dii,
477 3970 545 4026 iorte
560 3968 723 4042 pauperioris
732 3976 760 4023 et
774 3967 932 4039 impelleris,
946 3968 968 4025 si
981 3968 1117 4025 dicaturei
1130 3968 1204 4025 :Nisi

416 4070 442 4117 te
456 4060 635 4124 continueris,
651 4074 703 4114 noa
722 4058 813 4114 reuics
826 4056 859 4112 ad
881 4058 953 4113 illam
973 4073 1076 4114 emnam
1091 4058 1206 4114 lautissi-

414 4166 486 4207 mam
496 4160 523 4206 ct
536 4149 670 4219 opimam?
683 4149 733 4216 Qui
743 4148 781 4203 sic
793 4148 951 4204 continente
966 4148 1122 4219 quibusdam
1138 4164 1206 4219 prte-

417 4242 554 4308 runtiims,
569 4254 620 4296 ιιοιι
636 4239 729 4295 liniunt
741 4239 898 4308 eupidimtcs
908 4241 927 4291 ¹.
948 4238 1077 4295 'liniendo
1093 4254 1126 4294 ne
1145 4254 1207 4309 per·

417 4333 480 4388 ι11ιιι
493 4331 563 4403 qum
577 4328 691 4402 amplius
710 4328 880 4393 desiderant,
900 4344 930 4385 ea
947 4344 1007 4400 quae
1025 4329 1128 4383 minora
1144 4337 1206 4384 sunt

415 4431 603 4487 attitulandum
620 4423 675 4490 ipsu
688 4428 729 4475 cst
744 4427 832 4474 tamen
848 4418 987 4489 cupiditas.
1007 4417 1139 4490 Numquid
1152 4433 1206 4474 nou

415 4522 458 4569 cst
477 4526 585 4577 marus,
599 4512 643 4582 qui
656 4510 802 4565 contemnit
814 4519 919 4565 centurn
938 4508 1028 4575 solies,
1045 4510 1206 4580 utaequirat

418 4604 509 4662 mille?
527 4603 584 4659 Non
605 4603 653 4656 tibi
672 4601 794 4656 rideatur
808 4601 863 4671 lam
878 4600 969 4656 linisse
981 4602 1128 4669 avaritiam,
1144 4602 1205 4673 quia

418 4694 542 4771 imonisti
557 4708 617 4748 cum
628 4699 841 4748 contemnentem
856 4691 932 4746 tolles
945 4702 1062 4748 eentum.
1075 4692 1206 4750 11111111-

417 4786 492 4854 qitat,
508 4782 568 4839 ideo
582 4794 687 4838 cantum
701 4783 861 4853 contempsit
876 4781 925 4855 (a).
937 4782 1003 4838 Sunt
1015 4783 1146 4853 homines,
1160 4785 1206 4856 qui

416 4871 599 4938 adsequuntur
608 4868 881 4938 plerumquesenilms
892 4868 961 4924 illios
970 4884 1022 4924 non
1036 4869 1204 4939 lubentibus,

416 4971 444 5017 ct
456 4960 664 5017 contemnentia
679 4959 731 5014 illis
743 4960 835 5028 multa,
845 4959 892 5016 sed
907 4959 1006 5031 majora
1020 4977 1053 5017 ex
1066 4961 1128 5033 ipsis
1145 4976 1207 5033 spe·

416 5059 487 5107 rant.
505 5049 572 5107 istos
590 5048 777 5106 misericordes
797 5060 932 5120 putamus,
947 5066 980 5107 au
994 5053 1124 5123 cupidos?
1143 5052 1207 5110 ldeo

417 5143 477 5216 plus
496 5142 642 5214 probantur
661 5142 706 5197 1111
723 5157 883 5214 pauperum,
906 5142 1011 5214 quando
1025 5143 1207 5217 obsequuntur

416 5235 571 5309 parentibus
591 5235 766 5307 pauperibus;
787 5236 847 5306 qnia
868 5236 952 5306 pictus
969 5235 1029 5291 illos
1046 5236 1135 5305 ducit,
1152 5252 1206 5293 non

418 5342 530 5383 aresces.
542 5327 602 5383 Filii
616 5336 705 5381 autern
719 5325 830 5383 divitum
848 5327 953 5398 quando
965 5327 1146 5399 obsequuatur
1160 5343 1207 5401 pa-

417 5419 536 5475 rentilms
546 5420 610 5482 suis,
622 5434 674 5474 non
684 5419 810 5488 probatur
819 5419 913 5488 pietas,
925 5420 982 5474 etsi
993 5429 1043 5487 est,
1054 5418 1133 5476 latet:
1145 5421 1206 5489 quia

417 5519 446 5564 ct
458 5510 479 5562 si
494 5507 598 5564 videtur
611 5524 626 5561 a
638 5508 702 5571 ueo,
719 5508 752 5563 ab
770 5508 921 5563 lromiailms
932 5509 1014 5564 rideri
1033 5526 1085 5566 non
1108 5521 1204 5582 potest.

417 5598 493 5656 adeo
504 5607 532 5655 et
549 5598 598 5669 ipsi
617 5608 742 5670 parentes
760 5600 829 5654 mate
844 5600 990 5655 sentientes
1006 5600 1161 5674 plerumque
1172 5602 1207 5660 dc

450 5772 459 5805 ι
472 5771 707 5844 succlamamus..
729 5785 777 5824 aaa
786 5769 872 5839 11111
886 5775 1044 5840 cupiditatem
1054 5777 1112 5844 quia
1127 5780 1206 5840 mmo·

417 5844 455 5883 res
469 5840 522 5883 sunt
532 5834 682 5898 captantes,
695 5834 907 5898 rememorante.

448 5899 486 5954 tat
504 5895 552 5944 tid.
564 5902 644 5945 Ειιιιτ.
657 5896 682 5945 iu
693 5897 752 5948 rsal.
765 5898 805 5962 41,
816 5912 841 5949 ιι.
856 5899 893 5967 ld,
905 5906 931 5951 et
943 5900 1054 5967 1311811,
1065 5915 1089 5954 u
1101 5905 1126 5957 9.

1028 498 1058 554 S.
1078 493 1262 554 locustum
1281 493 1432 552 EPlSCOPl

1985 498 2047 557 rot

1257 607 1317 662 diris
1330 607 1397 674 suis,
1411 621 1472 663 com
1486 615 1576 679 putant
1591 605 1771 678 quiapropter
1782 606 1919 677 pecuniam
1930 607 1983 665 illis
1997 611 2050 668 uilt-
2105 622 2110 630 “

1254 708 1401 771 sequuntur
1413 699 1460 755 lilii
1479 701 1539 767 sui,
1554 715 1614 755 curn
1630 699 1753 770 expediat
1767 699 1909 770 aliquando
1925 700 1985 756 siliis
1998 718 2047 757 co-

1255 804 1313 843 rum
1327 799 1355 844 ut
1364 790 1563 860 emancipentur
1572 804 1587 843 a
1597 789 1760 861 parentibus,
1770 790 1851 861 exigit
1861 789 1928 846 sorte
1937 792 2046 863 aliquod

1254 880 1423 936 commodum
1437 896 1545 936 uxorem
1560 881 1698 947 ductums,
1711 889 1757 937 aut
1770 883 1943 952 perveniendi
1953 883 2047 940 adali-

1253 989 1333 1045 qucm
1348 973 1492 1042 honorem,
1512 985 1541 1028 ut
1562 973 1662 1029 donent
1685 974 1721 1029 illi
1743 989 1786 1030 res
1799 989 1877 1042 suas,
1892 987 1920 1030 et
1933 974 2044 1032 dicuat:

1253 1062 1311 1119 Non
1325 1064 1444 1131 donnum
1456 1080 1516 1119 narn
1527 1065 1581 1134 jam
1594 1080 1648 1120 nou
1658 1065 1721 1119 milri
1734 1065 1922 1137 nasequ-tum.
1933 1065 2045 1136 Qualem

1253 1157 1413 1213 sententiam
1424 1156 1482 1212 tulit
1493 1155 1529 1212 de
1541 1157 1596 1212 lrlio
1609 1172 1667 1223 suo,
1683 1157 1743 1227 quia
1753 1156 1787 1212 ad
1798 1158 1937 1228 pecuniam
1948 1158 1987 1214 illi
1997 1158 2047 1215 olr-

1254 1248 1383 1319 sequitur,
1395 1264 1447 1302 nou
1458 1247 1596 1303 attendens
1608 1257 1742 1317 paternam
1751 1246 1926 1304 charitatem?
1937 1247 1966 1304 Si
1980 1264 2046 1323 erqo

1256 1339 1332 1394 tinres
1352 1355 1386 1394 ne
1400 1347 1507 1409 accepta
1528 1339 1638 1409 pecunia
1656 1353 1708 1393 non
1724 1337 1770 1392 tibi
1788 1339 1951 1411 obsequatur
1974 1339 2046 1396 lilius

1256 1437 1325 1495 tirus,
1337 1445 1390 1484 non
1401 1438 1443 1484 est
1454 1429 1575 1483 amabilis
1584 1429 1679 1498 pietas.
1691 1428 1737 1484 sed
1751 1429 1859 1484 serialis.
1872 1431 1977 1499 Quanto
1988 1445 2045 1486 me-

1255 1518 1306 1573 lior
1314 1518 1383 1572 silius
1392 1520 1526 1589 pauperis,
1537 1518 1605 1573 lilius
1615 1518 1757 1590 aliquando
1766 1519 1987 1576 setrisoerutunnsl
1998 1523 2044 1577 'et

1254 1608 1370 1678 egentis,
1387 1609 1430 1678 qui
1448 1607 1514 1663 nitrit
1529 1616 1686 1678 exspectans
1709 1618 1813 1678 apatre
1833 1623 1897 1676 suo,
1913 1611 1974 1681 qnia
1988 1627 2043 1666 nun

1255 1697 1335 1752 lralrct
1350 1697 1418 1767 quod
1432 1697 1456 1752 ei
1471 1696 1598 1762 dimittat,
1614 1697 1748 1752 laboribus
1760 1706 1787 1753 ct
1803 1714 1920 1753 rerrrnrna
1938 1695 2044 1755 sudoris

1255 1790 1338 1860 pascit
1352 1799 1452 1859 patrem
1464 1790 1562 1845 snum?
1576 1789 1724 1860 Aliquando
1736 1799 1763 1845 et
1777 1788 1942 1844 lliiidiritum
1957 1799 2043 1847 attcn·

1253 1882 1347 1936 dentes
1367 1880 1489 1935 timorem
1512 1881 1576 1944 Dei,
1593 1896 1644 1934 non
1665 1882 1726 1950 quia
1740 1891 1894 1951 exspectant
1908 1880 2007 1953 aliquid
2027 1897 2044 1937 a

1255 1971 1407 2043 parentibus
1421 1971 1494 2039 suis,
1508 1971 1555 2026 sed
1568 1972 1628 2042 quia
1642 1981 1764 2040 parentes
1777 1981 1838 2026 sunt
1851 1980 1878 2027 et
1893 1964 2044 2043 genuerunt

1254 2072 1281 2117 ct
1294 2061 1482 2128 educaverunt,
1500 2073 1526 2116 ct
1540 2061 1610 2116 lleus
1622 2062 1746 2131 precepit
1760 2061 1862 2129 diceus,
1877 2061 1984 2116 llonora
1994 2079 2043 2134 pa·

1255 2161 1316 2206 treta
1331 2163 1400 2206 taum
1412 2161 1435 2206 et
1452 2161 1555 2206 matrem
1565 2160 1633 2204 tuam
1644 2150 1740 2224 (Eroti.
1758 2168 1803 2218 xx,
1820 2150 1877 2224 11),
1892 2152 2043 2211 111111111-

1254 2256 1370 2317 quantur
1384 2266 1390 2300 :
1404 2246 1449 2302 sed
1463 2247 1526 2302 latet
1541 2246 1666 2312 allectus,
1685 2246 1729 2301 ulti
1742 2248 1905 2319 propositum
1918 2260 1958 2304 cst
1974 2265 2044 2323 pra·

1255 2337 1347 2392 mium.
1369 2337 1409 2392 Eu
1429 2345 1517 2392 autem
1535 2336 1578 2392 isti
1598 2339 1760 2408 acceptiores
1778 2349 1840 2395 sunt
1857 2341 1927 2411 apud
1944 2342 2042 2409 Deum,

1254 2428 1315 2498 quia
1326 2437 1441 2484 arentem
1454 2426 1570 2498 ipsorum
1584 2444 1635 2483 non
1647 2438 1756 2500 possunt
1769 2430 1859 2487 ridere
1869 2432 2003 2502 nonum,
2016 2445 2045 2492 et

1255 2518 1326 2574 Deus
1339 2518 1412 2573 sulus
1422 2518 1502 2584 ridet,
1518 2535 1568 2574 ncc
1583 2519 1683 2574 landari
1697 2519 1895 2579 abdominibus
1908 2534 2020 2597 possunt
2034 2544 2042 2581 ε

1255 2608 1383 2664 sicutlob
1397 2609 1440 2678 qui
1457 2608 1562 2664 colebat
1587 2610 1681 2664 Deum.
1705 2609 1869 2668 l‘utarerunt
1894 2614 1966 2669 caim
1988 2614 2045 2671 dae-

1256 2711 1349 2753 mones
1365 2698 1434 2770 quod
1457 2707 1564 2769 propter
1586 2699 1734 2755 mercedem
1752 2701 1853 2758 coleret
1874 2702 1969 2760 Deunr.
1992 2702 2045 2763 utr

1255 2795 1344 2842 autern
1360 2787 1484 2858 probatus
1497 2800 1538 2844 cst
1549 2790 1609 2860 quia
1624 2791 1706 2861 gratis
1718 2792 1837 2849 coleret?
1849 2793 1915 2862 Quia
1934 2796 2046 2866 perditis

1255 2876 1380 2933 omnibus
1390 2876 1466 2946 dixit,
1481 2879 1604 2932 llorrtinm
1621 2878 1700 2949 teau,
1711 2878 1835 2937 Dominus
1853 2883 2050 2950 statuta-sicut

1256 2969 1366 3026 Dareine
1379 2971 1491 3042 placuit,
1501 2972 1537 3026 ita
1547 2976 1642 3044 [actum
1651 2980 1688 3028 cst
1697 2975 1748 3030 rsit
1758 2991 1847 3030 cremar
1857 2975 1960 3033 Danuui
1969 2977 2045 3033 lene·

1255 3062 1350 3118 dictum
1364 3061 1424 3129 (tot
1436 3079 1459 3127 t,
1475 3062 1531 3135 et).

1292 3157 1469 3228 5.Scriptsroe
1492 3157 1598 3212 oisemo
1619 3157 1674 3212 loca
1684 3173 1715 3213 ee
1728 3157 1789 3213 locis
1800 3159 1859 3216 allis
1871 3159 1965 3231 apertis
1984 3158 2046 3217 itta·

1258 3257 1381 3303 struatur.
1397 3249 1485 3316 Quare
1505 3250 1553 3304 ista
1567 3248 1632 3314 disi,
1647 3247 1762 3306 iratres?
1772 3250 1838 3317 Quia
1859 3251 1978 3322 quotidie
1991 3268 2045 3311 narr
2115 3244 2121 3249 ’

1258 3348 1328 3396 tacet
1363 3339 1498 3410 Scriptura
1528 3338 1679 3406 monere⁸,
1705 3349 1734 3394 ut
1760 3341 1915 3410 temporalia
1951 3350 2040 3399 conte

1257 3439 1389 3493 nrnentet,
1405 3439 1503 3484 aeterna
1519 3427 1660 3500 diligamus
1675 3446 1682 3484 :
1697 3422 1752 3485 non'
1762 3439 1830 3484 tacet
1844 3430 1932 3485 omnis
1946 3432 2042 3503 prqiua

1257 3520 1344 3575 dirim
1368 3520 1547 3591 inquinabis,
1571 3519 1712 3591 aliquaudo
1735 3533 1835 3592 aperte,
1849 3523 1992 3595 aliquando
2018 3525 2046 3585 in

1246 3610 1384 3682 mysterio
1398 3610 1520 3667 obscure.
1536 3609 1590 3666 Sed
1603 3624 1682 3666 nemo
1696 3610 1810 3667 fraudari
1825 3629 1854 3668 se
1867 3623 1951 3684 putet,
1965 3630 2047 3687 quau

1257 3700 1293 3756 do
1306 3700 1418 3756 obscure
1432 3700 1528 3771 papus
1549 3699 1637 3757 dirina
1656 3701 1782 3771 loquitur.
1797 3701 1847 3758 unr
1861 3702 1895 3759 ad
1909 3713 1935 3761 te
1960 3706 2048 3776 prodit

1257 3791 1381 3845 uoluntas
1397 3790 1457 3855 Dei,
1467 3788 1521 3846 ¹hoc
1535 3798 1576 3846 est
1590 3791 1634 3845 ubi
1647 3799 1739 3861 aperta
1752 3802 1802 3855 est,
1818 3792 1853 3847 ili
1869 3792 1941 3848 illam
1953 3795 2046 3869 dilige,

1258 3880 1293 3934 int
1309 3880 1457 3946 illamama,
1471 3879 1578 3951 quando
1598 3891 1690 3951 aperte
1701 3892 1801 3936 nrunct.
1815 3881 1849 3937 Et
1868 3885 1954 3954 qualis
1963 3896 2003 3942 est
2019 3888 2046 3943 iu

1257 3985 1360 4043 aperto,
1369 3971 1427 4026 talis
1439 3981 1480 4027 est
1492 3972 1517 4028 in
1527 3973 1656 4039 obscum
1667 3973 1751 4045 qualis
1761 3985 1801 4028 cst
1815 3975 1840 4028 in
1854 3976 1920 4042 sule,
1935 3977 1995 4033 talis
2003 3987 2049 4035 est

1258 4065 1284 4119 in
1299 4065 1400 4119 antina.
1414 4062 1503 4119 Talem
1518 4061 1587 4118 illam
1598 4063 1717 4134 sequaris
1727 4063 1748 4129 ⁸,
1760 4064 1784 4120 si
1796 4065 1874 4120 talem
1885 4065 1957 4120 illam
1969 4066 2046 4141 legis.

1257 4157 1405 4213 obscurum
1418 4164 1459 4210 est
1481 4156 1563 4220 enirn,
1579 4163 1607 4209 ιιι
1619 4154 1683 4224 dixi,
1698 4152 1838 4211 Patsidclr't
1852 4166 1990 4224 tauerner
2004 4160 2048 4214 in·

1258 4246 1378 4302 latitabit
1391 4243 1499 4301 atumem
1525 4254 1641 4301 muctam
1664 4244 1833 4302 nucumllam
1857 4247 1880 4303 si
1905 4250 2049 4306 carnaliter

1257 4340 1413 4411 accipimus,
1425 4355 1477 4394 non
1491 4352 1542 4395 nos
1554 4337 1740 4395 mundabimus
1752 4340 1787 4394 ab
1800 4341 1871 4394 omni
1887 4340 2047 4412 coinquina-

1259 4432 1331 4488 tione
1345 4430 1432 4486 camis
1444 4440 1471 4485 et
1480 4429 1589 4500 spiritus
1604 4447 1612 4497 ;
1627 4438 1655 4486 et
1667 4430 1725 4485 sinc
1736 4445 1817 4485 causa
1832 4432 1909 4487 nobis
1922 4447 2049 4504 procura·

1258 4527 1296 4581 rit
1310 4526 1383 4583 Deus
1392 4525 1472 4580 linem
1481 4525 1602 4581 lectionis
1622 4523 1784 4595 prophetica
1798 4514 1971 4595 conjunctum
1984 4541 2047 4582 cum

1259 4618 1388 4690 principio
1400 4616 1520 4673 lectionis
1530 4616 1693 4687 apostoticae,
1708 4617 1729 4671 si
1744 4625 1852 4688 propter
1857 4615 2048 4688 possidendum

1259 4722 1377 4768 montem
1390 4721 1524 4766 terrenum
1537 4707 1713 4764 adararitiam
1729 4723 1778 4763 nos
1789 4722 1983 4778 praeparamus,
1993 4724 2049 4766 aron

1260 4804 1293 4861 ad
1308 4805 1443 4875 pietatem.
1459 4801 1512 4859 Sed
1522 4800 1584 4874 quid
1598 4801 1727 4859 debemus
1744 4803 1893 4872 intelligere
1919 4806 2050 4861 errantem!

1259 4893 1406 4951 Obscurum
1420 4902 1461 4950 est
1470 4891 1533 4963 quid
1551 4891 1648 4949 dixerit
1670 4903 1797 4949 montem.
1811 4893 1863 4950 Sed
1877 4895 1899 4949 si
1914 4893 2050 4951 desemis·

1258 4996 1298 5042 set
1313 5000 1361 5039 rins
1375 4985 1456 5049 Deus,
1472 4997 1601 5053 nusquam
1613 4991 1704 5054 aperte
1717 4984 1817 5040 diceret
1832 4984 1895 5054 quid
1910 4984 1945 5040 sit
1959 5000 2049 5043 mous.

1259 5075 1309 5133 om
1329 5074 1491 5130 autemdicit
1511 5082 1612 5144 aperte,
1628 5074 1662 5129 ild
1677 5089 1736 5128 aura
1750 5083 1878 5130 montem.
1896 5074 1944 5130 utri
1957 5084 2051 5143 aperte

1290 5234 1298 5266 ¹
1311 5230 1367 5282 siet
1402 5232 1421 5282 tt
1430 5231 1495 5282 liuuc
1507 5230 1584 5281 locum
1606 5231 1674 5280 sirm.
1685 5243 1692 5279 t
1704 5229 1800 5280 caecet
1810 5228 1975 5289 malamorta
1985 5228 2054 5281 mule

1258 5290 1360 5365 sermea
1369 5245 1510 5364 {viarumque
1520 5292 1551 5342 de
1562 5289 1619 5355 filiis
1629 5290 1680 5363 spis
1687 5304 1763 5363 „cum
1777 5297 1861 5352 putant
1878 5290 1936 5362 quia
1948 5296 2052 5364 propter

1258 5352 1602 5419 mmotrdtuaraepmau
1610 5351 1656 5417 filu
1666 5367 1704 5404 aa
1715 5365 1788 5404 :carn
1797 5353 1912 5418 audiat
1920 5350 2051 5423 mmmm
2097 5354 2101 5367 '

1257 5413 1315 5481 tiliis
1326 5428 1408 5466 carran
1419 5424 1444 5466 at
1454 5414 1632 5478 erumperetur
1644 5413 1816 5479 aparentibus.
1835 5413 1916 5486 eripit
1942 5420 1994 5465 orte
2004 5411 2051 5465 alr·

1258 5477 1321 5545 quod
1333 5478 1482 5528 cormnodunt
1493 5490 1594 5528 acorem
1605 5476 1731 5548 ditaturus,
1742 5482 1783 5527 aut
1792 5489 1822 5540 pe
1936 5474 1989 5526 iad
2004 5474 2050 5525 ati·

1258 5551 1328 5604 quent
1339 5537 1466 5608 durarent,
1480 5545 1505 5589 ut
1515 5537 1602 5589 dmart
1613 5538 1650 5589 ttu
1661 5553 1699 5589 res
1710 5553 1765 5590 suas
1775 5572 1783 5598 ,
1794 5544 1817 5588 ct
1828 5537 1911 5589 11111111
1925 5549 1933 5588 .·
1945 5545 1996 5588 itaer
2007 5537 2050 5587 de·

1258 5599 1746 5666 mda‚narnparnaonnritriclrscqrretar.
1781 5607 1808 5649 tt.
2006 5656 2012 5668 ι

1290 5664 1342 5712 'tta
1351 5660 1502 5712 colbertinus
1511 5662 1598 5713 codex,
1611 5670 1639 5714 ιιι
1652 5662 1798 5720 siruroudus,
1809 5673 1872 5713 scm
1882 5671 2033 5731 arrrrrrasu·

1291 5723 1463 5795 ¹tricaliisque
1473 5722 1534 5774 inira
1544 5722 1611 5785 lucis,
1621 5726 1697 5775 veroa
1712 5722 1826 5774 mannus
1841 5736 1897 5787 qun
1913 5723 2010 5772 lucrant
2026 5733 2051 5770 m

1257 5786 1375 5858 sirruondi
1386 5785 1492 5836 ednioue
1508 5788 1684 5851 praesmissa.
1696 5787 1858 5838 restiuruntnr
1870 5799 1902 5837 ex
1913 5780 2053 5835 collecticio

1258 5856 1516 5976 umln{millwa'c'qturis
