4759 6684
365 554 416 610 tta

365 676 417 719 tem
434 662 510 727 iudei,
525 674 575 731 otta
599 661 679 712 etiam
703 656 754 709 ute
776 655 811 708 ab
832 652 930 708 illicitis
953 648 1115 712 abstinetur,
1128 654 1156 700 et

365 759 435 813 botta
451 768 530 824 opera
547 753 628 811 lietu,
651 759 864 816 ttrruimpremoue
885 742 926 796 rel
946 751 1157 808 tinauaquamque

369 848 484 901 urritoam
502 841 629 910 virginem
644 837 713 901 dien
732 847 785 892 tota
801 834 920 890 Ecclesia
936 847 995 902 qaum
1009 836 1113 885 constal
1125 842 1155 881 ex

368 934 513 1005 rirgiuilms
533 940 560 985 ct
580 930 685 999 pueris,
701 938 725 982 et
743 924 872 980 autoritatis
886 923 990 977 barinis
1001 931 1027 974 et
1042 918 1159 973 uxoratis

368 1031 441 1087 ritis.
456 1042 508 1080 ιιιιιι
521 1023 629 1079 notitiae
644 1023 717 1091 rupo
730 1028 771 1072 est
784 1018 927 1089 appellata.
943 1013 1018 1069 Unde
1029 1013 1079 1066 lum
1096 1027 1158 1080 pro·

368 1118 478 1173 bantus?
493 1114 650 1185 rlpttslulttut
670 1111 731 1165 audi
744 1111 892 1169 tl‘teetttetn,
909 1122 960 1160 uon
974 1103 1040 1160 sulii
1058 1101 1160 1156 sattell-

367 1204 542 1269 mouialibus,
557 1204 603 1259 sad
620 1203 690 1257 main
700 1218 750 1255 rsm
764 1214 871 1270 prorsas
885 1196 1010 1251 Ecclesim
1022 1212 1028 1247 :
1042 1193 1159 1262 despon-

366 1299 419 1353 sori
438 1314 480 1351 uos
501 1297 544 1348 tati
564 1295 616 1348 ciro
631 1292 751 1363 uirpincm
765 1300 861 1345 eostam
878 1287 992 1342 extritae
1003 1283 1111 1339 Claristo.
1126 1281 1162 1336 Es

367 1390 427 1457 qiiia
444 1387 521 1457 bajus
540 1385 696 1454 uirginitatis
713 1389 865 1450 corruptor,
881 1378 1003 1432 dialmlus
1024 1370 1158 1430 emendus

368 1489 419 1543 cst,
432 1494 472 1534 co
486 1480 559 1532 tiano
571 1478 627 1545 ipse
643 1474 786 1544 apostolas
800 1488 859 1528 eum
872 1472 992 1534 dixisset,
1004 1467 1157 1538 lli-sponsari

371 1587 413 1626 ros
428 1571 471 1623 uui
483 1570 536 1624 ciro
547 1568 668 1639 uir-pineus
678 1576 772 1620 costum
786 1562 900 1619 celtibere
914 1561 1030 1624 Cirristo,·
1041 1558 1162 1627 atljttuxit

370 1671 395 1715 ct
410 1661 458 1725 ait,
476 1659 561 1713 Timeo
574 1668 674 1723 autem,
688 1674 719 1710 ue
729 1657 794 1711 sicut
810 1670 912 1722 serpeus
926 1652 1005 1706 Ecum
1023 1649 1122 1704 redierit
1135 1649 1163 1702 io

370 1751 477 1806 uersutia
488 1766 545 1814 stru,
554 1750 589 1802 sic
599 1759 623 1803 et
636 1748 709 1802 uestri
723 1763 809 1801 sensus
819 1753 1012 1813 corrumpantur
1023 1758 1038 1794 o
1049 1741 1165 1795 castitate

369 1857 426 1909 ιμιιιτ
439 1851 474 1894 eu
486 1841 511 1894 in
523 1840 621 1894 Claioo
638 1839 670 1911 (ll
684 1837 743 1894 Cor.
759 1853 801 1904 ιιι,
812 1836 846 1901 i,
860 1835 899 1907 5).
911 1834 939 1890 lu
954 1848 1065 1903 corpore
1082 1831 1164 1901 rirgi·

373 1931 483 1987 uitatem
503 1947 594 2000 paoem
613 1930 730 1984 babeat:
746 1929 772 1982 in
791 1926 872 1984 corde
885 1940 978 1980 omues
1001 1923 1099 1978 babere
1118 1921 1165 1976 do·

372 2024 444 2076 beat.
468 2022 494 2074 Si
518 2037 581 2089 ergo
595 2021 628 2075 ab
642 2020 739 2074 illicitis
758 2016 918 2072 abstinentia
934 2015 1001 2069 burto
1022 2022 1080 2074 est,
1095 2011 1164 2066 ande

372 2113 507 2183 rirgiuitas
530 2126 625 2164 aoruca
647 2110 766 2180 accepit,
787 2118 814 2163 ct
834 2122 915 2176 opem
936 2106 1005 2159 ltoaa
1024 2101 1164 2156 laudabilia

374 2212 455 2266 satiat,
470 2218 529 2272 tptat
543 2201 726 2272 significantur
748 2197 935 2268 latupadibus;
949 2211 1031 2265 quare
1050 2196 1166 2265 quinquo

373 2291 559 2357 admittamur,
574 2301 602 2346 et
615 2291 732 2361 periitque
745 2287 932 2359 rcpettmnurt
944 2286 972 2342 Si
984 2295 1010 2341 et
1023 2287 1096 2356 sirpo
1106 2294 1163 2351 est,

373 2394 400 2437 ct
418 2380 555 2452 lampades
575 2379 643 2447 tert,
663 2392 689 2435 et
713 2389 799 2435 tumea
821 2395 873 2434 noa
897 2377 1063 2440 adurittittrr;
1079 2376 1121 2431 ubi
1137 2388 1167 2429 se

375 2475 445 2530 ridet
468 2475 512 2544 quai
537 2489 588 2530 nec
611 2474 789 2544 uirginitatem
813 2472 847 2527 ab
867 2471 965 2526 illicitis
986 2477 1092 2536 serrat,
1117 2483 1168 2524 areo

373 2585 452 2640 opera
466 2570 534 2625 boiaa
547 2569 640 2625 soleas
655 2567 753 2621 battere
768 2567 792 2620 io
808 2565 924 2621 teiiebris
937 2563 1071 2617 ambalat?

411 2662 524 2720 catur
543 2661 587 2716 ll'.
607 2692 641 2700 -
664 2661 691 2716 5.
718 2658 815 2713 l'reter
839 2655 1016 2711 coritiueutium
1042 2665 1065 2709 et
1091 2669 1168 2724 opere

375 2754 451 2819 bono,
462 2751 720 2823 reqttiritureltaritus.
734 2749 833 2815 Oleum,
848 2749 968 2802 citaritns.
981 2747 1017 2802 De
1027 2746 1083 2800 istis
1093 2759 1166 2814 ergo,

376 2846 470 2900 iratres
485 2844 551 2909 mci,
567 2844 600 2898 de
615 2843 672 2898 istis
686 2843 772 2911 potius
786 2841 961 2910 disputemus.
981 2838 1032 2920 Qui
1048 2854 1100 2893 non
1113 2837 1170 2892 uult

378 2936 467 2990 ridere
489 2935 559 3006 qttod
582 2935 679 2989 malum
694 2942 753 2998 est,
776 2933 819 3002 oui
842 2946 894 2986 aon
909 2932 965 2985 aab
985 2929 1078 2985 aitdire
1098 2927 1170 2998 qarod

377 3030 474 3084 rnatum
496 3037 554 3094 est,
578 3026 622 3095 oui
644 3026 678 3081 ab
702 3025 799 3081 illicitis
819 3024 1008 3079 sacrificiorum
1032 3022 1170 3077 nidoribus

376 3121 474 3176 auertit
488 3121 638 3184 odoratum,
650 3120 683 3174 ab
697 3119 797 3174 illicitis
812 3118 1004 3173 sacrificiorum
1016 3116 1082 3171 cibis
1092 3131 1171 3170 arer-

378 3212 408 3264 tit
419 3222 570 3280 gustatum,
584 3210 648 3281 sagit
667 3210 834 3279 complexam
849 3210 952 3273 alicam,
967 3207 1063 3275 iratigit
1075 3222 1169 3276 paoem

376 3303 515 3367 esurienti,
531 3302 661 3370 bospitem
674 3301 774 3355 inducit
787 3301 813 3355 in
827 3300 952 3366 dommo,
966 3299 1046 3354 restit
1059 3301 1168 3363 ratrdmu,

377 3392 523 3448 concordat
545 3393 704 3462 litigiosum,
718 3392 807 3446 visitat
824 3401 971 3460 egrotum,
987 3391 1082 3458 sepelit
1096 3404 1169 3443 mor·

378 3495 470 3538 taam:
486 3498 549 3539 ecce
567 3485 654 3553 rirgo,
670 3499 731 3537 ecee
746 3483 825 3537 babet
846 3481 989 3550 laropades.
1013 3480 1081 3549 Quid
1097 3495 1169 3551 qure-

378 3574 461 3628 rimas
480 3574 613 3642 amplius?
632 3574 727 3628 bdbae
743 3588 844 3642 quaero.
864 3571 932 3642 Quid
952 3570 1037 3625 adbuc
1057 3571 1169 3640 quaeris,

380 3664 482 3735 tartputi
495 3665 588 3719 Adbuc
607 3679 697 3735 qataro
710 3682 716 3717 :
732 3664 860 3717 intentauo
871 3678 913 3716 tue
925 3661 987 3717 ierit
998 3661 1170 3731 Euangelimn

379 3766 508 3810 salictam.
526 3756 610 3811 Etiam
629 3757 699 3825 ipsas
715 3757 829 3826 uirgines
842 3765 869 3809 ct
889 3754 1003 3809 serentes
1018 3753 1169 3823 larnpadcm

379 3847 444 3901 alias
457 3847 523 3900 dirit
544 3847 705 3916 pradeutes,
728 3847 792 3900 alias
809 3847 913 3901 stultos.
930 3846 1006 3902 Unde
1022 3847 1171 3901 iutucurar?

379 3938 448 3992 riarde
459 3938 653 3993 discernimus?
664 3938 702 3993 De
713 3937 782 3993 oleo.
793 3937 897 4007 Aliquid
907 3954 1029 4008 maganum
1042 3939 1172 4006 signiticat

379 4029 477 4091 oleum,
493 4028 569 4082 roldc
581 4046 715 4098 rirapruuu.
730 4029 819 4094 l‘tttas,
831 4044 884 4084 oon
896 4029 1011 4084 ebaritas
1022 4029 1079 4084 est?
1092 4030 1169 4098 Que-

382 4120 466 4175 rcado
479 4120 603 4189 dicimus,
627 4138 678 4173 mm
694 4123 852 4175 seutentiam
873 4121 1079 4190 prucipitamus.
1094 4120 1171 4176 Unde

380 4212 443 4266 aiibi
464 4212 584 4267 viduatur
604 4212 663 4266 tileo
678 4213 793 4268 ebaritas
806 4213 964 4282 sigtrilieaai,
986 4213 1071 4268 dicam
1085 4213 1169 4268 robis.

379 4305 522 4373 Apostolus
536 4305 614 4369 dicit,
636 4305 725 4359 Aditur
739 4307 1002 4377 supereminentiorem
1019 4306 1086 4360 cobis
1106 4308 1171 4360 eiiam

379 4395 531 4450 cleatoastro.
552 4397 842 4467 sarperemtaemtorem
867 4399 935 4452 riam
958 4415 1035 4468 spiram
1058 4398 1169 4451 detaou·

379 4488 465 4541 strati
479 4488 508 4544 Si
530 4489 622 4559 liupuis
635 4490 763 4543 ltouriunm
783 4489 871 4558 locator
886 4499 909 4542 et
923 4489 1091 4559 Artpeloruot,
1107 4489 1170 4542 cbo·

379 4579 478 4631 ritatem
492 4589 576 4633 autem
593 4596 643 4631 non
657 4578 770 4643 babeam,
786 4578 867 4648 frictus
881 4597 936 4634 sum
951 4590 1114 4633 erronearum
1127 4597 1169 4632 so·

380 4685 460 4731 eiuras,
476 4678 518 4721 out
539 4669 682 4739 syracusiam
695 4671 813 4723 tiunieas.
838 4671 896 4739 ipsu
916 4680 957 4725 est
970 4673 1171 4740 supereminens

381 4761 440 4820 tia,
456 4760 481 4812 id
495 4770 552 4823 cst,
572 4761 701 4826 ebaritas,
724 4777 783 4831 ottae
807 4777 831 4815 m
843 4762 901 4815 *rita
922 4763 981 4817 tileo
996 4764 1170 4831 sipaiiteatur.

380 4851 509 4905 (luctatibus
529 4850 599 4905 euim
615 4851 770 4905 humoribus
784 4852 871 4907 oleam
891 4854 1081 4922 supereminet.
1101 4854 1171 4910 ttttte

380 4956 486 5010 antam,
502 4949 527 4995 ct
541 4942 730 5011 superirdande
749 4942 855 5006 olenm,
877 4942 964 4997 oleum
980 4945 1169 5013 supereminet.

381 5033 454 5088 liitte
466 5033 571 5100 olema,
587 5032 779 5102 superinfunde
792 5050 906 5105 aquam,
922 5034 1010 5089 oleam
1023 5038 1169 5105 surperemi-

381 5133 434 5179 net.
449 5123 476 5180 Si
490 5125 609 5180 ordinem
623 5126 782 5189 servareris,
798 5127 897 5182 riucit:
913 5127 935 5182 si
950 5127 1070 5184 ordinem
1085 5138 1172 5183 raana-

381 5218 461 5281 reris,
471 5216 560 5270 titteit.
574 5213 692 5271 Cltort'tus
705 5234 832 5288 neutiquam
853 5217 919 5272 cudit
935 5217 963 5291 (l
983 5216 1043 5273 Cor.
1058 5235 1111 5285 stt,
1125 5220 1168 5285 51,

379 5317 474 5370 marat,
490 5308 515 5370 l,
531 5307 571 5375 8).
1099 5353 1101 5357 ,

416 5397 529 5454 ίὶιιΡῦΤ
549 5398 580 5452 V.
592 5429 628 5438 —
640 5398 666 5454 6.
677 5398 722 5452 Ire
734 5400 832 5453 obuium
846 5417 938 5468 sportso
947 5401 1025 5471 quatu,
1039 5399 1171 5471 l'bpinum

381 5487 510 5540 dororirio.
534 5487 602 5555 Quid
630 5504 705 5559 ergo,
731 5490 843 5544 batres?
862 5491 919 5545 lam
939 5491 1117 5560 disceptemus
1139 5492 1171 5547 de

380 5579 497 5648 turritaque
508 5578 653 5648 uirginibus
668 5578 842 5648 prudentibus
854 5589 880 5636 et
892 5580 1008 5650 tuitioque
1021 5581 1108 5634 laturis.
1120 5581 1171 5634 l'u-

381 5671 485 5726 lueruat
511 5670 552 5726 ire
571 5671 675 5726 obviam
697 5686 805 5742 sponso.
830 5671 898 5741 Quid
922 5681 980 5738 cst,
1004 5673 1042 5727 ire
1066 5673 1169 5727 obuiam

380 5762 498 5828 saratino?
511 5761 598 5816 Corde
618 5763 667 5825 ire,
691 5773 846 5830 exspectare
870 5764 928 5834 ejas
947 5763 1099 5819 adveutum.
1116 5764 1169 5819 Sed

380 5851 424 5905 ille
450 5852 580 5907 tardabat.
605 5853 674 5909 Dum
703 5855 788 5909 tardat
809 5855 863 5919 illc,
890 5856 1045 5910 domuerunt
1074 5874 1168 5911 omues.

379 5942 446 6012 Quid
462 5952 512 6009 est,
529 5944 633 5998 orienes?
648 5945 676 5999 lit
694 5947 770 5999 bitae
784 5957 809 6002 ct
826 5948 969 6017 sapientes.
986 5948 1168 6003 obelormitaee·

980 533 1007 590 S.
1031 528 1213 588 tttfittstta't
1237 528 1386 583 titts'tut‘t

1949 518 2007 580 ns

1211 652 1269 695 rsut
1292 659 1386 705 omues,
1404 652 1427 695 et
1446 642 1608 695 dormierunt.
1626 641 1763 706 Palation,
1778 637 1865 693 bonus
1887 648 1932 694 est
1958 650 2010 693 so·

1211 749 1289 787 artius
1317 733 1382 786 iste?
1397 733 1464 800 Quid
1479 742 1520 787 cst
1534 748 1643 787 somnus
1658 731 1724 786 iste?
1738 729 1777 785 tte
1791 728 1860 785 torte
1883 729 2009 786 tardante

1211 839 1318 894 spinoso,
1334 825 1458 894 quioniam
1474 824 1589 879 aluradat
1603 824 1738 894 iniquitas,
1753 821 1902 893 refrigeseit
1914 821 2009 878 ebari-

1212 927 1252 969 tas
1266 917 1418 970 multorum.
1435 915 1538 971 Sssecirie
1568 914 1727 970 intellecturi
1745 928 1838 969 siturus
1865 915 1947 969 istum
1962 927 2009 968 so·

1212 1007 1321 1061 arrarum?
1335 1007 1392 1061 Noa
1413 1007 1477 1061 milri
1493 1006 1579 1076 plaem
1596 1025 1601 1059 :
1618 1006 1677 1060 dieo
1697 1021 1790 1075 qiuare.
1801 1005 1866 1072 Quia
1892 1014 1958 1059 sum
1972 1004 2010 1059 ibi

1213 1098 1377 1166 prudentes:
1397 1110 1424 1152 et
1438 1098 1529 1168 utique
1542 1096 1649 1168 otiando
1671 1097 1739 1151 dixit
1766 1096 1906 1159 bissaious,
1933 1095 2011 1163 Quo·

1213 1188 1281 1242 aiom
1305 1190 1440 1242 ubrtrrdaoit
1464 1190 1594 1256 iuimtitus,
1611 1189 1750 1260 resripeseit
1774 1189 1886 1244 ebaritas
1913 1189 2012 1244 multa·

1212 1294 1288 1342 ruam·
1302 1279 1417 1346 sultjecit
1426 1289 1452 1333 ct
1462 1279 1508 1343 ait,
1525 1279 1575 1345 Qui
1587 1289 1670 1332 satem
1685 1281 1972 1351 perseverantiusque
1984 1282 2012 1337 itt

1213 1369 1299 1438 finem,
1316 1370 1356 1423 bic
1367 1372 1452 1426 soloris
1465 1372 1511 1424 erit
1526 1370 1633 1441 (rllottlt.
1649 1385 1725 1436 xrrs,
1741 1371 1784 1435 ts,
1794 1370 1851 1445 13).
1862 1370 1913 1431 libi
1928 1373 2012 1428 ruitis

1214 1474 1272 1514 esse
1287 1452 1350 1514 istas
1363 1460 1525 1531 prudentes?
1544 1460 1637 1515 Noaue
1657 1461 1683 1514 io
1702 1461 1744 1515 bis
1756 1460 1801 1529 oni
1815 1474 2010 1533 pemserass-

1215 1560 1372 1622 reatusque
1392 1551 1418 1605 ia
1440 1550 1536 1605 lioeml
1551 1551 1608 1606 Nan
1631 1552 1668 1606 ob
1680 1550 1762 1612 aliud.
1779 1551 1884 1618 iratres,
1900 1569 1955 1607 raon
1976 1553 2012 1610 oti

1214 1642 1284 1696 aliud
1300 1657 1409 1713 prorsus
1421 1641 1625 1697 admitterentur
1646 1642 1727 1703 iutro.
1741 1642 1792 1697 uisi
1806 1643 1866 1713 qatia
1880 1658 2010 1714 perseve-
2052 1674 2056 1683 ·

1216 1742 1342 1787 raserunt
1356 1747 1439 1802 usque
1452 1733 1478 1788 ia
1490 1733 1581 1788 tinem.
1594 1732 1653 1788 Nou
1668 1747 1732 1804 ergit
1741 1734 1782 1789 eis
1795 1734 1912 1806 obrepsit
1927 1735 2012 1807 lrigss

1216 1827 1362 1893 ebaritatis,
1378 1842 1432 1882 ooo
1456 1827 1482 1882 ia
1499 1828 1538 1882 eis
1561 1827 1683 1898 refriguit
1702 1827 1838 1896 ebaritss;
1855 1829 1903 1885 ssd
1926 1828 2014 1887 terres

1216 1932 1300 1986 asciare
1319 1918 1344 1971 iu
1369 1919 1458 1972 breta.
1482 1918 1548 1986 Quia
1576 1918 1662 1975 terret
1688 1934 1773 1990 usqite
1789 1921 1814 1975 io
1843 1920 1935 1983 daero.
1951 1897 2031 1979 ideo¹

1217 2010 1307 2077 spousi
1316 2009 1405 2079 januas
1417 2020 1560 2078 patuerunt
1574 2029 1581 2065 ι
1598 2011 1659 2066 ideo
1670 2012 1709 2067 eis
1718 2012 1817 2067 diettuu
1831 2022 1874 2068 est
1885 2023 1914 2068 ιιι
1926 2014 2015 2069 iatra-

1218 2111 1287 2168 reut,
1304 2101 1372 2157 sicut
1396 2103 1433 2157 illi
1449 2103 1549 2173 optimo
1561 2119 1651 2168 seruo,
1669 2102 1742 2158 lutra
1760 2105 1787 2158 in
1810 2103 1935 2176 pendium
1955 2103 2015 2160 Do·

1218 2195 1280 2248 nriui
1299 2196 1335 2248 rai
1350 2194 1405 2265 (ld,
1430 2212 1493 2261 sarr,
1510 2196 1555 2262 il,
1566 2194 1621 2267 23).
1645 2194 1713 2264 Quid
1728 2205 1770 2252 est
1787 2210 1862 2266 ergo,
1878 2194 2016 2251 nostraa-
2079 2264 2083 2269 Ι

1218 2299 1305 2342 rerum
1323 2290 1431 2343 omues?
1445 2290 1492 2343 Est
1505 2290 1573 2345 alius
1585 2304 1706 2354 sarmium,
1719 2304 1799 2359 quem
1815 2302 1894 2344 nuno
1910 2291 2016 2346 eradit.

1219 2380 1277 2436 Non
1292 2382 1467 2436 recordamini
1482 2381 1638 2451 Apostolum
1652 2380 1795 2442 dicentem,
1813 2380 1849 2436 De
1862 2381 2015 2436 dornsieuti·

1219 2473 1264 2528 lun
1276 2484 1359 2527 etitem
1369 2474 1428 2529 nolo
1441 2489 1483 2528 eos
1493 2475 1619 2545 ipaorore,
1629 2477 1719 2543 fratres
1733 2472 1755 2542 (l
1770 2472 1856 2528 Tbess.
1869 2488 1904 2535 tv,
1917 2471 1976 2545 li),
1987 2473 2020 2537 Ι

1221 2573 1272 2631 est,
1288 2565 1320 2617 dc
1336 2565 1377 2619 bis
1391 2566 1435 2634 mn
1448 2565 1545 2619 uautui
1561 2565 1643 2620 suirtl
1661 2563 1749 2631 Quare
1763 2564 1834 2618 enirn
1849 2563 2020 2622 dormientes

1221 2664 1360 2721 soeaatur,
1381 2656 1431 2710 uisi
1453 2656 1513 2725 ouria
1526 2670 1575 2709 sao
1588 2655 1633 2711 die
1648 2655 1856 2710 resarseitaoturl
1869 2656 1941 2726 Eupo
1956 2654 2022 2709 eloe·

1221 2749 1328 2802 mieruot
1341 2765 1436 2802 orienes.
1451 2748 1542 2814 Putas,
1557 2749 1618 2819 qaia
1634 2748 1750 2819 prudeus
1759 2756 1811 2814 est,
1825 2748 1885 2804 ideo
1896 2764 1952 2804 ooo
1967 2747 2019 2804 lta·

1221 2838 1266 2893 bet
1279 2839 1363 2894 mirri?
1375 2839 1455 2895 Fatua
1468 2840 1503 2895 sit
1515 2840 1600 2910 uirgo,
1611 2840 1727 2911 paradeus
1741 2842 1775 2896 sit
1788 2842 1873 2913 virgo,
1888 2855 2021 2897 somoous

1222 2932 1316 2986 mortis
1330 2947 1423 2986 omaus
1442 2932 1585 3002 patiantur.

1257 3021 2023 3094 Citl‘liTl'l.—'l.Mortuiquoredornsientes.Aliquando

1222 3115 2021 3187 autemdicuatsibibomiues:Eccejamdiesjudieiireait,

1223 3215 1295 3262 tauta
1307 3208 1376 3261 roala
1385 3207 1460 3275 fiunt,
1470 3218 1548 3262 torace
1557 3209 1740 3265 trilmlatimres
1751 3210 1940 3276 erebrescruu;
1955 3228 2024 3271 eece

1223 3299 1311 3353 outrria
1325 3315 1384 3370 otta
1399 3299 1538 3370 l‘ropboue
1558 3301 1692 3367 dixerunt,
1710 3316 1777 3371 pens
1791 3303 1925 3373 completa
1941 3314 2021 3373 rrrrrt;

1221 3389 1276 3459 jaro
1293 3390 1350 3445 dies
1360 3390 1452 3461 judieii
1470 3393 1558 3447 instat.
1573 3392 1623 3460 Qui
1636 3394 1687 3448 boe
1698 3394 1797 3459 dicuat,
1812 3403 1840 3449 et
1852 3394 1970 3451 tidelites·
1981 3397 2022 3451 di·

1223 3488 1296 3547 eunt,
1326 3491 1450 3553 mantiam
1477 3484 1581 3538 olariam
1610 3494 1674 3540 eunt
1695 3500 1794 3555 sponso
1812 3487 2023 3556 cogitationibus

1224 3572 1330 3627 tatibus.
1345 3573 1398 3628 Sed
1416 3589 1479 3628 ecce
1493 3575 1589 3630 bcbum
1604 3577 1805 3646 superbonum,
1822 3577 1961 3632 tribulatio
1974 3595 2023 3633 sa·

1225 3681 1272 3736 per
1286 3667 1493 3733 tribulationem,
1510 3675 1588 3722 terre
1604 3678 1691 3723 motus
1706 3680 1787 3738 super
1805 3677 1883 3724 tet‘rze
1904 3681 2020 3730 rnatum.

1225 3757 1309 3813 lames
1321 3773 1401 3828 super
1419 3759 1526 3824 beroem,
1541 3774 1607 3829 geas
1621 3774 1702 3829 super
1713 3769 1829 3830 grauem,
1850 3770 1878 3816 et
1900 3760 2021 3819 noudimt

1224 3850 1297 3905 scuit
1309 3865 1432 3920 sponsus.
1448 3851 1513 3906 Cam
1530 3866 1594 3921 ergo
1613 3860 1782 3920 exspectatur
1795 3859 1823 3904 at
1838 3852 1939 3916 ueniat,
1955 3852 2020 3907 dirr-

1225 3941 1311 3996 miuut
1320 3956 1413 3995 omues
1424 3942 1461 3996 illi
1475 3942 1519 4011 ιμιὶ
1529 3942 1631 4007 diciau,
1645 3942 1712 3995 liceo
1722 3942 1803 4005 verrit,
1817 3951 1844 3996 et
1855 3942 1915 3998 dies
1925 3942 2018 4012 judicii

1225 4031 1268 4087 bic
1281 4047 1329 4087 uos
1343 4034 1450 4088 inuenit.
1464 4033 1529 4087 Citio
1544 4035 1617 4094 dicit,
1633 4033 1740 4087 dormit.
1756 4033 1828 4102 Erga
1841 4033 1971 4090 elisersct
1984 4038 2017 4089 :ul

1225 4138 1347 4176 soaraam
1369 4138 1456 4189 samo,
1477 4132 1503 4178 ct
1515 4134 1668 4193 perseveret
1690 4125 1715 4178 iu
1739 4124 1871 4179 ebaritate
1886 4131 2020 4198 usquead

1225 4230 1346 4269 somnum
1360 4231 1436 4270 situm
1449 4235 1455 4269 z
1470 4225 1667 4285 exspectantem
1680 4217 1752 4270 illam
1767 4217 1882 4272 inueniat
1895 4231 2020 4274 somam.

1225 4303 1289 4358 Puto
1303 4305 1373 4359 enim
1389 4306 1450 4375 ouria
1475 4305 1609 4359 dorruitit.
1636 4305 1767 4378 Numquid
1779 4308 1824 4377 qni
1847 4307 1953 4372 dosunt,
1969 4326 2020 4364 uos

1224 4396 1326 4467 adjiciet
1352 4405 1378 4449 ut
1402 4406 1516 4466 r'esitrpot
1540 4396 1625 4468 (l'sul.
1651 4413 1697 4462 xa,
1713 4398 1750 4465 tt).
1767 4396 2021 4470 Domtiermstergo

1225 4505 1309 4543 οιιιιιει
1323 4499 1367 4542 :et
1380 4488 1413 4543 de
1426 4489 1477 4543 illis
1489 4489 1672 4558 prudentibus,
1688 4499 1716 4544 et
1729 4489 1762 4544 de
1773 4489 1823 4545 illis
1835 4488 1916 4545 istuis
1925 4505 2021 4549 ornnes

1224 4583 1398 4638 dormierant.

1260 4674 1371 4730 CAPUT
1384 4673 1473 4728 l'll.—
1485 4676 1511 4730 8.
1521 4675 1623 4730 Clorrror
1635 4674 1717 4728 teredio
1727 4685 1845 4729 storte-
1856 4674 1925 4731 Eece
1935 4677 2020 4732 medis

1224 4774 1295 4819 noete
1308 4767 1404 4819 cloraor
1413 4771 1494 4836 suetus
1506 4776 1551 4820 est.
1568 4765 1634 4836 Quid
1647 4776 1698 4832 est,
1711 4766 1793 4819 teredio
1804 4766 2020 4837 uorbiQuandn

1225 4870 1277 4909 trun
1299 4867 1430 4925 speratur,
1444 4857 1550 4927 qttustdo
1567 4859 1676 4911 otnmno
1695 4872 1747 4912 uon
1762 4857 1889 4913 creditur.
1906 4852 2025 4933 ²⁸⁴⁴le

1225 4947 1312 5014 posuit
1333 4961 1382 5015 pro
1394 4948 1553 5016 ignorantia.
1577 4948 1679 5018 attqats
1693 4949 1768 5019 qrrasi
1783 4960 1922 5019 corripuett
1944 4932 2025 5007 sitit}

1225 5037 1293 5092 Ecce
1307 5037 1340 5092 ab
1349 5037 1434 5093 Adam
1448 5048 1487 5093 tot
1500 5040 1563 5093 artai
1579 5040 1750 5106 trattsieruat,
1764 5048 1791 5095 et
1801 5057 1864 5097 eece
1878 5042 2019 5112 compleo·

1225 5137 1267 5183 tur
1280 5145 1326 5184 sex
1339 5130 1419 5185 naillia
1431 5145 1571 5196 aratrorum,
1583 5142 1610 5186 et
1620 5131 1755 5197 coratinuo,
1764 5132 1899 5202 qaroruodo
1909 5135 2019 5205 quidam

1225 5230 1381 5277 tractatores
1398 5233 1629 5292 computaverunt,
1645 5223 1770 5279 continuo
1795 5225 1885 5279 reniet
1903 5225 1963 5280 dies
1974 5225 2019 5296 ja·

1224 5313 1285 5367 dicii
1311 5324 1364 5369 :et
1388 5315 1514 5377 rettiuut,
1537 5323 1563 5367 et
1582 5323 1719 5369 transeunt
1741 5317 1966 5384 conmutationes,
1990 5324 2020 5371 el

1223 5404 1310 5460 adbuc
1331 5417 1480 5460 remmatar
1493 5409 1583 5476 spousi
1601 5407 1741 5471 admotus,
1761 5416 1788 5464 et
1805 5406 1944 5463 domriuut
1959 5410 2017 5464 sir·

1225 5496 1301 5564 pines
1315 5512 1374 5565 quae
1385 5496 1489 5565 obuiam
1508 5497 1604 5552 ierant.
1617 5497 1649 5552 Et
1665 5514 1727 5553 cece
1737 5499 1800 5552 dum
1816 5515 1870 5554 mm
1882 5511 2018 5571 sper-tur,

1223 5585 1286 5639 dam
1308 5587 1413 5650 dicitur,
1428 5586 1480 5642 Sex
1500 5589 1580 5641 millia
1594 5605 1724 5642 airaimian
1742 5591 1978 5658 exspectabantur,
1992 5601 2020 5647 et

1224 5688 1286 5728 ecce
1302 5676 1475 5743 transierunt,
1491 5680 1561 5732 aride
1583 5678 1683 5733 scitans
1703 5679 1758 5748 jam
1782 5680 1888 5749 ιιιιιιιιιιο
1910 5681 2020 5737 rtruim?

1224 5765 1309 5817 media
1326 5773 1403 5818 attmte
1423 5766 1522 5820 veniet.
1534 5767 1602 5834 Quid
1624 5779 1677 5830 est,
1702 5768 1786 5823 Media
1809 5779 1887 5825 traete
1907 5771 2019 5826 vestiet?

1225 5856 1292 5910 Dum
1309 5858 1404 5915 nescis.
1415 5860 1512 5913 reniet.
1525 5859 1612 5926 Quare
1624 5862 1686 5914 dau
1699 5864 1794 5926 aeaeis,
1809 5863 1895 5919 ueniet
1905 5863 1918 5917 l
1930 5861 2018 5935 ipsum

1225 5950 1365 6003 britan-mm
1391 5953 1449 6003 audi
1473 5969 1478 6000 :
1500 5952 1556 6003 :l'oa
1573 5966 1608 6005 cst
1623 5972 1643 6005 u
1654 5966 1730 6007 rtrum
1746 5972 1809 6008 serre
1822 5969 1947 6026 tenuiore,
1963 5972 2019 6027 qttoe
