4759 6684
371 609 427 666 sss
1058 604 1173 661 sarum
1193 603 1345 663 ruxxuu.
1964 613 2031 668 m.

372 720 466 776 debes
482 715 538 774 Sed
554 716 691 773 lrabrlruut
703 714 777 784 illud,
791 716 841 786 air,
856 716 952 773 iratres
966 714 1048 771 illius.
1062 715 1085 771 0
1099 717 1168 771 mala
1226 731 1316 772 uterus
1331 715 1419 772 diuitis
1436 717 1531 774 iruttra
1545 719 1765 792 concupiscebat:
1783 737 1865 780 canes
1883 724 2018 781 ulceribus

373 808 508 875 doctriua,
527 806 629 864 docens
644 807 713 862 idios
732 817 791 862 tuos
803 816 917 862 mortem
937 814 1030 876 optare
1044 804 1170 860 iratribus
1226 806 1371 876 pascebat,
1387 816 1414 863 et
1427 821 1442 862 a
1455 808 1537 865 diuite
1550 825 1603 867 non
1623 812 1790 885 pascebatur.
1806 812 1925 886 Uterque
1945 829 2017 872 nior-

372 901 451 958 sais!
469 899 499 956 st
511 897 547 954 de
561 914 591 955 re
605 896 696 954 fratris
709 898 749 953 sni
762 898 859 952 mortni
872 897 982 953 ditiores
994 905 1090 964 erum,
1111 897 1171 951 utile
1226 902 1287 950 tuns
1300 903 1341 951 est
1357 913 1364 950 :
1380 913 1449 952 rinus
1467 913 1559 954 comm
1581 902 1702 971 sepultus
1719 912 1777 969 est;
1797 903 1832 960 do
1849 904 1935 967 altero
1953 903 2039 977 utitis,

374 989 603 1064 premaduaodnm
632 1003 663 1045 se
690 987 829 1043 attendant
859 988 885 1042 in
919 986 998 1042 domo
1022 994 1077 1042 tua.
1102 985 1170 1055 erid
1225 984 1403 1041 dictumest?
1417 986 1571 1045 Ailatssest
1585 989 1616 1045 el
1630 991 1734 1065 inpetis
1752 993 2017 1053 iusiunmsdlrallre.

373 1097 441 1156 ergo
472 1080 579 1138 laeicss
610 1079 804 1136 Patrimonium
833 1078 947 1146 diuidis,
976 1087 1003 1134 et
1030 1076 1171 1149 mulctata
1226 1072 1305 1130 Videt
1316 1074 1394 1132 diues
1406 1093 1562 1150 pauperem,
1577 1081 1631 1138 imo
1641 1080 1697 1153 jaun
1712 1098 1811 1155 pauper
1824 1084 1933 1142 diuitem
1949 1087 2027 1144 :rie--

374 1173 480 1232 locat
1225 1165 1324 1223 siderat
1337 1167 1372 1224 de
1386 1165 1472 1241 'digito
1489 1172 1586 1229 stillam
1606 1189 1682 1246 aqaac
1699 1175 1726 1232 iu
1741 1176 1855 1248 linguam
1874 1194 1967 1247 mam,
1980 1182 2041 1239 su..

413 1263 457 1320 tt.
478 1291 517 1306 -
536 1258 654 1319 Christus
675 1262 736 1335 pitis
754 1261 960 1317 annumerandus
979 1261 1005 1315 in
1027 1261 1173 1334 ριιήιιιιιιί
1226 1256 1325 1328 illoqni
1340 1258 1503 1317 desiderarit
1514 1263 1656 1321 mioamde
1669 1280 1761 1323 mensa
1775 1268 1844 1338 ejus.
1858 1269 1937 1327 Certe
1946 1271 2020 1330 vices

375 1355 509 1412 mm.
520 1354 573 1412 Sed
587 1354 749 1411 nolodicere
762 1353 797 1410 de
806 1368 859 1409 uno
869 1352 977 1422 arcusa,
990 1369 1024 1409 ne
1033 1368 1112 1409 casas
1124 1352 1173 1407 nu·
1226 1358 1334 1406 mutatae
1354 1361 1428 1407 sunt.
1447 1353 1556 1411 Frustra
1571 1355 1623 1413 hoe
1633 1356 1698 1413 dicit
1710 1356 1786 1416 dives
1800 1369 1921 1418 mortuns
1936 1380 1944 1418 :
1963 1378 2018 1419 non

377 1462 475 1504 nsanos
488 1445 580 1503 ridear
591 1446 698 1501 minari.
721 1444 816 1501 ilelius
836 1443 950 1516 quodam
966 1444 1046 1500 modo
1060 1458 1172 1515 prospe-
1225 1439 1324 1496 lnrstra
1339 1441 1390 1499 lroc
1403 1443 1543 1500 audiamus
1554 1447 1600 1517 qni
1615 1446 1740 1506 risimus.
1756 1449 1822 1506 llam
1838 1460 1866 1507 et
1877 1452 1923 1509 ille
1934 1453 2038 1514 soluite

375 1541 491 1612 fanum
508 1539 658 1610 loquamur,
671 1538 728 1593 Non
743 1537 820 1604 dico,
838 1552 920 1593 unum
939 1537 1028 1592 nunus
1046 1536 1171 1601 habenis,
1226 1529 1260 1584 nd
1280 1548 1392 1601 sineres
1411 1537 1548 1602 reuocari,
1565 1545 1594 1593 et
1613 1554 1666 1593 nou
1690 1550 1731 1596 est
1748 1541 1894 1611 permissus
1910 1561 1918 1600 :
1934 1544 2019 1600 soluit

375 1641 507 1703 computa
522 1630 582 1703 qnia
595 1645 677 1686 ιιιιιιιιι
694 1629 755 1701 plns
771 1629 865 1685 habes.
883 1628 939 1686 Fac
958 1630 1047 1685 locum
1068 1628 1173 1685 christo
1226 1621 1341 1693 alipium
1355 1634 1520 1682 mortuorum
1545 1629 1613 1684 nuitti
1630 1629 1663 1685 ad
1681 1630 1777 1687 iratres
1796 1647 1877 1701 snos,
1897 1649 1948 1690 nec
1967 1634 2018 1690 troc

375 1737 443 1780 cass
458 1721 519 1778 filiis
538 1719 607 1788 tuis,
629 1720 739 1776 accedat
753 1718 862 1775 lamilim
880 1729 933 1775 tore
950 1719 1078 1775 Dominus
1091 1727 1173 1786 tuus,
1227 1712 1266 1768 illi
1278 1729 1434 1770 concessum
1448 1725 1498 1774 est.
1522 1719 1576 1776 Sed
1596 1720 1700 1793 quidet
1716 1724 1817 1780 dictum
1836 1728 1898 1782 estt
1917 1726 2035 1784 liutem„

376 1811 492 1870 eredat
505 1810 540 1868 ad
555 1811 655 1883 prolem
673 1808 784 1866 Creator
797 1817 879 1877 tuns,
897 1809 1012 1866 accedat
1027 1807 1061 1864 ad
1081 1822 1175 1864 nuore-
1226 1803 1262 1859 iti·
1283 1804 1387 1876 llopaen
1402 1816 1425 1861 et
1443 1806 1596 1880 Proplretns.
1621 1812 1655 1867 Et
1674 1813 1717 1870 ille
1733 1832 1739 1869 :
1757 1814 1817 1872 Nou
1831 1818 1956 1884 audient,
1970 1819 2020 1874 niss'

377 1919 439 1962 m
454 1905 571 1960 filiorum
588 1912 693 1959 tuorum
715 1902 881 1958 tutemus,
901 1901 967 1958 Cum
981 1902 1051 1957 enim
1071 1909 1173 1957 unium
1227 1893 1346 1966 aliquiso
1360 1898 1464 1951 mortuis
1483 1899 1550 1954 ierit.
1570 1901 1615 1957 Ait
1639 1903 1676 1958 illi
1694 1904 1828 1961 Abraham
1866 1906 2035 1979 Sillopsen.

377 1995 496 2063 ιῃιρηῑι,
509 1993 631 2052 ersi-2121·
645 2008 706 2050 esse
717 1992 842 2064 digamus
853 2001 905 2049 egr,
927 1993 959 2049 Ει
973 2007 1034 2049 cum
1049 1993 1083 2049 sir
1102 1992 1173 2048 Patri
1227 1994 1251 2040 et
1264 1984 1407 2058 l’roplretus
1422 2005 1471 2044 non
1486 1991 1605 2058 rudiunt,
1620 2010 1676 2060 uec,
1696 1996 1786 2067 duma
1798 2013 1813 2050 o
1825 1998 1932 2053 urortuis
1943 1997 2000 2052 ierit
2009 2038 2037 2066 ,,

378 2085 490 2146 liniens.
503 2086 591 2142 soluit
603 2085 701 2142 babere
713 2084 878 2142 colnaercdes.
892 2086 961 2142 Ecce
975 2084 1019 2140 ille
1028 2099 1107 2155 quarn
1121 2084 1174 2139 lar·
1228 2075 1328 2131 credet!
1347 2076 1422 2144 (Luc.
1432 2094 1499 2144 xit·
1516 2080 1624 2153 ¹93¹)-

378 2180 466 2252 uter!
490 2189 519 2234 tn
538 2192 622 2250 putare
638 2186 692 2233 ιιιιι
712 2175 865 2233 steriliter?
890 2177 961 2232 Duos
980 2176 1048 2231 ulios
1069 2174 1173 2243 haum,
1262 2164 1375 2224 CAPUT
1387 2167 1463 2243 *le.
1477 2201 1512 2212 -
1539 2171 1583 2228 ll.
1603 2171 1743 2230 Consilium
1766 2176 1815 2231 liei
1842 2178 1874 2233 de
1896 2177 2030 2250 iaciendis

381 2269 486 2327 ισιΙιιιι
502 2268 577 2325 iliam
591 2275 736 2339 computa:
753 2275 807 2322 tres
823 2265 915 2333 habes,
928 2273 1038 2337 quartus
1049 2280 1175 2321 uomere-

381 2367 424 2416 tss
437 2373 446 2414 ε
459 2357 582 2431 quiritum
595 2356 696 2423 habes,
710 2364 802 2412 sertus
820 2355 923 2411 dicator
941 2354 1053 2411 :decem
1073 2352 1173 2423 liabeo,

384 2453 541 2510 udcdmns
558 2451 603 2506 sit.
624 2449 692 2506 Nolo
711 2448 826 2519 amplius
844 2448 956 2504 dicere:
975 2446 1054 2503 unius
1074 2445 1120 2501 dlii
1137 2446 1178 2502 tui

385 2557 459 2601 serra
474 2544 564 2599 iocum
578 2541 692 2597 Domino
711 2549 766 2595 tuo.
790 2537 865 2607 Quod
879 2538 950 2593 enim
966 2536 1043 2592 dabis
1062 2535 1178 2593 Domim

387 2643 446 2703 tao,
465 2642 495 2692 et
514 2632 562 2689 tibi
579 2630 698 2703 proderit
709 2639 736 2686 et
751 2629 811 2684 liliis
826 2629 901 2684 tuis:
918 2627 989 2698 qnod
1002 2636 1091 2683 autem
1106 2627 1176 2683 male

388 2739 475 2782 sertas
488 2721 550 2780 titiis
563 2723 636 2790 tuis,
655 2731 683 2778 ιι
695 2721 741 2777 tibi
754 2720 838 2775 oberit
856 2727 884 2776 et
903 2718 975 2776 iuliis.
992 2718 1072 2774 liniris
1085 2727 1175 2775 autem

390 2814 534 2888 partiorem
548 2827 647 2876 amm,
661 2827 740 2885 qnam
754 2810 833 2867 unias
847 2809 894 2865 tilii
907 2808 1052 2881 deputasti.
1073 2809 1176 2881 liepnta

391 2917 502 2966 usuam
513 2905 631 2976 amplius
642 2905 776 2977 genuisse.

421 2997 531 3056 muer
549 2996 610 3054 Xll.
634 3028 670 3038 -
696 2995 741 3053 tt.
768 2994 887 3051 Avaritiae
911 2993 1039 3049 eumancio
1066 2994 1175 3050 unuin

394 3087 451 3158 Quid
463 3103 607 3161 magarius,
622 3087 717 3142 iratres
728 3085 802 3142 mcii
817 3085 963 3141 constitum
978 3085 1032 3148 do,
1048 3083 1177 3156 nnnrquial

396 3187 473 3252 ratas
484 3176 560 3251 ligat
581 3177 657 3234 Sicut
674 3177 712 3232 ait
729 3177 895 3248 Apostolus:
911 3174 975 3229 linc
996 3174 1029 3228 od
1044 3175 1177 3229 utilitatem

397 3279 488 3326 tratrrst
500 3271 569 3339 dieo,
583 3287 635 3325 nors
646 3278 675 3324 st
690 3267 808 3340 luparum
818 3265 886 3322 solis
896 3267 1007 3335 injiciunt
1020 3265 1043 3338 (l
1056 3264 1114 3320 Cor.
1129 3280 1176 3332 ru,

400 3359 446 3432 5).
457 3361 534 3430 l’ato,
553 3360 668 3425 iratres,
682 3360 742 3430 quia
756 3374 836 3429 parra
848 3365 875 3413 ct
888 3358 972 3412 tacitis
983 3356 1106 3427 cogitatio
1118 3364 1176 3424 est,

330 3523 331 3530 ἵ
401 3461 478 3526 μιιιι
491 3463 595 3526 patrem
609 3452 725 3508 liliorum
741 3450 840 3506 lrabere
851 3465 932 3504 sunum
950 3449 1033 3504 lilium
1048 3448 1175 3518 amplius,

330 3535 332 3566 ³
402 3553 583 3616 amparare
595 3543 656 3598 talia
668 3540 767 3613 prrdia
782 3555 842 3611 qiua
854 3538 990 3610 possideas
1000 3538 1026 3593 in
1036 3546 1176 3608 aurnum,

330 3665 331 3692 l
401 3634 517 3706 ttlpaeet
534 3633 583 3691 lilii
593 3634 642 3689 tiri.
656 3631 725 3700 Quid
740 3631 811 3688 dicat
822 3631 931 3686 acaritin
946 3644 1000 3686 non
1012 3629 1102 3686 habet.
1114 3630 1177 3687 cla·

401 3727 478 3784 ustis
498 3726 533 3783 etl
552 3726 636 3782 rerba
655 3725 716 3781 ista.
736 3723 886 3794 loquimini
907 3730 1000 3778 contra
1015 3722 1087 3777 illam
1101 3762 1109 3789 ,
1124 3735 1178 3776 non

400 3829 437 3874 ιι
455 3819 553 3881 clarat.
580 3831 634 3873 uon
661 3817 721 3888 plns
749 3815 836 3871 valeat
867 3813 893 3869 in
918 3813 1042 3869 cordibus
1070 3813 1177 3880 restris,

399 3921 466 3982 μι
484 3907 651 3978 Redemptor
671 3915 770 3963 uester.
789 3903 846 3961 tlon
868 3904 928 3975 ptus
942 3903 1029 3957 ualeat
1049 3902 1076 3957 in
1096 3901 1179 3959 corde

397 4009 484 4070 ιιιιιι,
498 4015 579 4074 qaam
595 4000 640 4055 illc
652 4000 698 4071 qui
716 4006 806 4054 monet
818 4004 846 4051 ut
859 4008 965 4049 sursum
985 3992 1066 4049 corda
1080 3992 1179 4049 lrabea-

395 4109 457 4150 ιι.
471 4093 531 4150 lam
545 4106 612 4163 ergo
624 4092 701 4146 istam
720 4089 894 4145 dimittamus.

423 4186 466 4244 ta.
478 4215 516 4230 ·-
526 4183 644 4242 Cirristars
657 4192 745 4237 scurra
758 4181 885 4236 inaurium
901 4178 968 4232 idem
982 4176 1089 4231 consulit
1112 4176 1180 4244 pund

389 4275 497 4334 huuc
517 4275 596 4332 Dives
610 4273 768 4345 imprudens.
784 4271 898 4327 Lusruia
911 4268 974 4340 quid
991 4267 1071 4323 dictu
1091 4267 1180 4335 Quid?

387 4365 509 4426 Ικιιιιι
521 4367 609 4422 anima
622 4373 664 4421 tua
681 4365 758 4420 bene.
770 4363 839 4418 Ecce
848 4361 913 4417 dicit
924 4369 952 4416 et
966 4359 1114 4415 Dominus:
1127 4357 1180 4415 Fac

384 4475 447 4520 eut
461 4459 550 4514 anima
571 4466 615 4512 tua
631 4456 710 4510 berre.
724 4453 800 4522 Quod
814 4452 860 4507 tibi
873 4450 980 4507 dicebat
994 4449 1113 4515 luxuum,
1129 4448 1181 4503 Ιιοι

383 4551 434 4610 sslsi
452 4550 519 4607 dicit
530 4548 644 4620 lustitia.
664 4546 717 4603 Sed
731 4545 791 4601 ride
810 4553 837 4600 et
851 4544 894 4598 liic
913 4541 1047 4613 quomodo
1065 4540 1179 4596 dicatur.

382 4645 412 4704 8
426 4659 492 4702 sors
505 4643 594 4698 anima
609 4649 653 4697 tna
665 4640 706 4694 ris
718 4639 804 4693 lucere
818 4637 906 4699 benc,
926 4633 1035 4690 attende
1050 4633 1124 4689 illum
1138 4632 1181 4687 di·

381 4735 470 4794 vuem
482 4732 528 4806 qui
540 4747 574 4787 aa
586 4729 697 4787 consilio
711 4727 820 4783 luxurie
833 4734 860 4782 et
872 4725 989 4781 arausice
1000 4722 1106 4779 uolebat
1120 4737 1180 4779 cuna

381 4829 477 4888 niusa
487 4839 536 4889 sua
550 4823 620 4879 bene
632 4821 730 4877 lacere.
743 4818 879 4876 Successit
890 4818 914 4873 ei
930 4816 1013 4888 regio,
1028 4823 1055 4872 et
1068 4831 1121 4871 uon
1135 4814 1183 4870 lra-

379 4915 469 4976 serni
485 4913 530 4970 alsi
547 4911 706 4969 reconderet
724 4910 824 4965 lurctns
845 4922 924 4973 suos,
940 4916 967 4963 et
981 4907 1018 4962 ait
1033 4924 1041 4961 ε
1058 4905 1127 4972 Quid
1140 4910 1181 4980 fo-

378 5011 454 5072 ebus
466 5008 480 5062 ,⁹
493 5023 544 5061 sors
565 5005 643 5060 iubeo
660 5018 710 5075 pue
726 5001 854 5073 colligant.
878 4997 968 5051 lucerii
985 4998 1046 5063 quid
1065 4998 1183 5068 seriem:

378 5101 521 5158 mers
532 5095 668 5167 apothecas
679 5100 788 5157 celeres,
810 5099 833 5144 et
845 5099 921 5143 nutans
933 5087 1064 5157 edificabo
1077 5127 1085 5154 ,
1100 5098 1123 5142 et
1144 5103 1185 5141 re-

378 5191 465 5266 μάο
482 5204 545 5254 ess,
565 5195 589 5242 et
608 5186 692 5240 dicem
711 5184 803 5237 enimc
819 5195 882 5237 ruere
894 5195 904 5234 .·
918 5178 1003 5233 liedes
1015 5179 1094 5233 multo
1107 5179 1181 5245 lona,

375 5282 542 5362 'palme-
563 5277 632 5335 dudi
649 5275 789 5332 consilinm
810 5282 903 5329 coutra
919 5269 1051 5326 lusoriam
1066 5286 1073 5323 ε
1087 5269 1182 5337 Stulte,

378 5377 479 5436 ains
491 5385 536 5429 tar
548 5372 597 5427 lrec
610 5378 683 5426 nocte
697 5371 826 5440 minetur
837 5366 881 5419 ιιι
899 5372 923 5419 te
933 5378 942 5417 :
951 5377 1008 5433 uae
1020 5361 1183 5434 preparasti,

379 5471 468 5544 eujus
480 5475 553 5521 errat
567 5463 642 5536 (lae.
655 5476 704 5527 su,
718 5456 833 5527 to-sou
843 5456 877 5510 lit
890 5469 943 5525 qno
957 5455 1024 5509 itura
1039 5460 1080 5509 est
1096 5454 1184 5510 anima

353 5569 356 5574 '
372 5563 442 5622 'ista
455 5603 464 5625 .
478 5573 538 5631 qaae
550 5556 685 5611 saliretur
696 5552 730 5607 ab
744 5547 811 5606 tuot
825 5547 880 5604 liae
894 5556 971 5602 nocte
987 5545 1124 5601 anlcretur
1136 5586 1144 5612 ‚
1158 5553 1186 5600 et

382 5649 477 5712 usati
492 5663 547 5720 quo
559 5647 629 5703 itura
643 5650 695 5701 est.

424 5738 543 5800 CAPUT
561 5735 632 5795 xtu.
645 5761 682 5778 -·
701 5732 745 5789 to.
767 5728 843 5786 Diues
861 5728 925 5783 alter
944 5726 1099 5781 ismuiosus.
1120 5724 1187 5781 Vide

386 5839 475 5896 sinn
497 5833 610 5891 diuitem
629 5827 814 5890 incuriosum,
843 5819 999 5892 superbum.
1024 5817 1210 5888 Epulahstur'

387 5927 513 6004 pondre
526 5920 686 5999 spterdidc,
698 5928 726 5975 ct
738 5914 895 5973 induebatur
910 5924 1024 5982 purpura
1039 5918 1067 5966 et
1083 5909 1164 5981 bysso
1178 5925 1186 5964 ε

392 6033 421 6081 st
444 6033 546 6096 pauper
569 6013 708 6071 ulcerosus
725 6006 829 6080 jaccum
851 6002 1030 6073 etiannum,
1053 5999 1135 6056 micas
1154 5998 1188 6055 dc

1228 2258 1392 2331 eleemosynis
1415 2277 1483 2317 nune
1504 2264 1715 2336 amplectendum.
1742 2267 1780 2324 Do
1806 2267 1933 2326 iaciendis
1956 2285 2029 2342 ergo.

1228 2350 1423 2423 eleemosynis.
1443 2360 1471 2409 et
1484 2354 1663 2424 eonnparanda
1675 2356 1772 2412 animae
1785 2357 1878 2429 requie
1890 2359 1917 2414 iu
1931 2368 2021 2429 poste·

1229 2455 1299 2505 rum.
1312 2449 1342 2496 nt
1354 2440 1482 2498 iaciamus
1496 2442 1638 2500 bernerum
1651 2445 1739 2500 anima
1754 2455 1855 2513 nostra,
1872 2448 1943 2518 qnod
1959 2464 2021 2519 per.

1228 2528 1380 2584 ressedixit
1390 2530 1611 2599 luxuria‚disitet
1619 2517 2021 2609 Moysesdi'xernntetl‘roplre·

1229 2627 1273 2674 ιι.
1281 2619 1425 2676 Audiamus
1431 2636 1491 2676 cnm
1503 2621 1625 2678 uiuimus.
1634 2622 1701 2694 Quia
1709 2624 1846 2684 iluilrustra
1857 2628 2023 2699 concupiscit

1228 2709 1331 2776 audire,
1346 2711 1392 2782 qni
1408 2713 1568 2783 contempsit
1581 2713 1631 2770 ista
1652 2730 1712 2769 oum
1737 2715 1851 2772 audiret.
1868 2719 1909 2773 Au
1925 2734 2023 2790 esspe-

1229 2810 1332 2859 ctamus
1342 2812 1370 2859 ιι
1378 2803 1472 2874 aliquis
1480 2811 1507 2859 et
1520 2818 1535 2858 a
1550 2804 1662 2861 mortuis
1675 2815 1805 2878 resurgat,
1814 2816 1841 2863 es
1851 2808 1921 2864 dicat
1931 2793 2021 2878 nobi's,

1230 2904 1260 2951 ut
1273 2893 1403 2950 iaciamus
1416 2896 1570 2951 cumanima
1579 2903 1669 2954 nostra
1680 2896 1825 2954 berellam
1833 2898 2021 2959 ethoclactunr

1229 2994 1271 3042 est
1286 3004 1293 3041 ι
1309 3000 1362 3042 ιιι
1376 2986 1522 3042 resurrexit
1535 2981 1611 3057 pater
1621 2995 1699 3054 tuus,
1712 2987 1761 3044 sed
1772 2990 1919 3046 resurrexit
1931 2989 2024 3050 llorni·

1231 3090 1283 3131 uns
1303 3083 1374 3130 turus.
1387 3074 1475 3146 ipsum
1489 3075 1569 3143 audi,
1583 3076 1674 3148 accipe
1685 3077 1783 3134 honum
1795 3079 1946 3136 considunt.
1962 3080 2022 3137 Noli

1230 3179 1340 3238 parcere
1355 3165 1486 3222 thesauris
1505 3166 1557 3222 tuis
1568 3208 1576 3234 ,
1589 3181 1669 3238 eroga
1692 3178 1819 3240 putantum
1832 3158 1918 3240 potes.
1934 3171 2023 3227 Luxu-

1230 3260 1277 3313 riu,¹
1290 3275 1342 3315 ιιι
1357 3268 1434 3315 orat:
1450 3257 1555 3315 Domini
1568 3275 1617 3316 uos
1636 3260 1705 3316 iacta
1728 3269 1779 3318 est.
1794 3261 1881 3335 Eroga
1893 3272 2022 3336 qnantum

1231 3360 1328 3422 potes,
1350 3350 1392 3407 lac
1416 3350 1563 3406 broccum
1584 3350 1673 3407 anima
1688 3361 1749 3420 tna.
1765 3367 1800 3409 ne
1813 3353 1952 3411 auferatur
1972 3353 2023 3411 luc

1231 3452 1309 3499 nocte
1331 3442 1420 3498 anima
1441 3451 1495 3498 tua.
1510 3442 1621 3498 llaluctis
1639 3443 1666 3497 in
1681 3444 1788 3500 nomine
1802 3442 1901 3501 Cirristi
1914 3486 1921 3511 ,
1935 3461 2022 3517 qnan-

1231 3540 1287 3588 tum
1311 3531 1441 3597 arbitror.
1461 3547 1612 3588 sermonem
1635 3529 1668 3587 dc
1691 3531 1818 3612 iaciendis
1831 3533 2023 3608 eleemosynis.

1231 3621 1289 3677 Vox
1304 3622 1354 3677 ista
1367 3630 1454 3678 restra
1467 3622 1652 3693 laudantium,
1673 3631 1735 3679 tunc
1749 3633 1858 3698 accepta
1871 3625 1913 3682 est
1927 3625 2020 3683 Domi·

1232 3729 1279 3781 uo,
1292 3714 1315 3769 si
1328 3713 1416 3769 rident
1429 3722 1456 3769 et
1469 3729 1563 3770 marrus
1575 3714 1753 3786 operantium.

1444 3845 1558 3907 stulto
1575 3846 1739 3904 Lxxxtu·
1758 3846 1808 3924 (a).

1233 3981 1343 4039 Halitus
1365 3981 1406 4039 die
1420 3983 1568 4054 dominico,
1582 3983 1614 4039 dc
1632 4000 1662 4039 eo
1682 3984 1958 4057 prodemptorem.
1979 3985 2024 4044 Sl·

1267 4075 1331 4131 mile
1348 4083 1390 4131 est
1410 4089 1520 4145 regnum
1542 4074 1670 4132 colorum
1694 4073 1795 4129 homiui
1818 4074 2024 4146 patrifamilias,

1268 4165 2024 4240 quimisitoperariosinvineamsuam¹.llnrtlr.eop.ss,

1275 4261 1312 4332 ι.
1334 4259 1410 4317 ι-ιι.

1268 4391 1383 4449 CAPUT
1414 4389 1556 4448 PillilUll.
1582 4420 1619 4435 -
1648 4392 1674 4447 l.
1707 4389 1820 4447 Colimus
1850 4407 1896 4448 aas
1920 4389 2024 4458 lirum,
2113 4431 2117 4438 .

1234 4494 1257 4539 et
1282 4485 1343 4539 colit
1365 4499 1411 4539 nos
1440 4482 1519 4539 lieres.
1546 4484 1585 4539 lle
1613 4492 1706 4540 saneto
1731 4483 1875 4555 Evangelio
1898 4484 2032 4555 praesenti

1233 4576 1348 4647 tempori
1368 4584 1560 4631 consonantem
1585 4576 1793 4633 similitudmem·
1809 4574 1923 4635 nodutis
1936 4576 2026 4634 deluis

1233 4671 1280 4744 qui
1292 4678 1440 4742 operantur
1454 4669 1481 4726 in
1495 4670 1583 4725 uinea.
1599 4669 1649 4726 Est
1662 4670 1734 4726 euim
1756 4668 1837 4725 modo
1850 4677 1957 4740 tempus
1970 4670 2030 4726 riu·

1233 4760 1330 4818 derniae
1341 4760 1499 4832 corporalis.
1515 4759 1564 4815 list
1575 4767 1673 4820 ιιιιιιι-
1685 4759 2028 4830 etspirituslisrindernia,

1235 4851 1281 4909 nbi
1308 4851 1381 4907 Deus
1405 4848 1503 4922 gaudet
1523 4849 1692 4905 adtractum
1710 4849 1795 4905 uineae
1817 4864 1883 4906 sun.
1909 4850 2030 4906 Colimus

1235 4945 1307 5000 enim
1323 4943 1418 5002 lieurn.
1431 4951 1460 4998 ct
1470 4942 1534 4998 colit
1545 4956 1595 4997 nos
1608 4943 1691 4998 Deus.
1701 4942 1754 4997 Sed
1765 4957 1819 4997 nou
1832 4941 1871 4998 sic
1887 4943 1969 4998 licum
1983 4957 2030 4997 co·

1235 5036 1334 5103 limus,
1355 5045 1384 5090 ut
1405 5051 1457 5090 ιιι
1469 5049 1529 5090 essm
1543 5034 1681 5092 meliorem
1694 5033 1808 5090 colendo
1822 5032 1951 5090 iaciamus
1975 5030 2027 5090 co·

1236 5126 1316 5182 liruus
1328 5126 1400 5182 euim
1419 5140 1480 5180 enm
1497 5122 1645 5190 adorando,
1666 5139 1720 5178 non
1739 5122 1849 5178 arando.
1872 5121 1919 5177 llle
1940 5131 2029 5178 autern

1237 5217 1301 5273 colit
1311 5230 1363 5271 nos
1375 5224 1502 5283 tanquam
1512 5212 1629 5282 agricola
1642 5227 1746 5282 agrum.
1758 5212 1834 5280 Quod
1845 5227 1912 5282 crgo
1924 5225 1974 5268 nos
1985 5212 2030 5268 iile

1237 5309 1321 5373 colit,
1335 5307 1460 5362 meliores
1482 5319 1532 5360 uos
1555 5303 1662 5367 reddit:
1685 5303 1748 5374 quia
1765 5313 1793 5359 et
1805 5302 1924 5373 agricola
1936 5317 2031 5373 agrurn

1238 5396 1351 5458 colendo
1367 5396 1430 5455 iacit
1442 5394 1579 5451 meliorem
1595 5411 1602 5448 ε
1616 5402 1644 5450 ιι
1665 5393 1750 5464 ipsum
1770 5392 1884 5448 lructnm
1906 5394 1935 5449 in
1954 5393 2032 5449 uobis

1271 5579 1279 5610 ¹
1294 5583 1360 5626 uunc
1371 5587 1452 5625 senno
1464 5572 1558 5624 titulum
1577 5571 1676 5636 praefert
1690 5571 1716 5622 in
1728 5571 1853 5622 retentus
1861 5569 1929 5622 libris
1936 5571 2033 5634 optim

1239 5646 1303 5689 uotae
1314 5637 1451 5687 mlhcrtioo
1460 5643 1486 5684 et
1497 5635 1730 5685 uirinrnreonensi.ln
1739 5633 1792 5682 aliis
1809 5645 1868 5684 vero
1882 5639 1936 5684 ttss
1954 5633 2034 5684 ιιιιιιιιι

1239 5697 1513 5820 ιιῶιηιιυίιῶιιὲιιὲιιιι,ιι
1531 5694 1614 5748 r‘erlus
1625 5694 1720 5746 numu
1740 5693 1872 5746 ereremum
1889 5703 1973 5754 rom..
1984 5701 2034 5757 ιιι

1272 5843 1279 5862 “
1294 5842 1438 5904 ueeognitus
1452 5839 1482 5888 nd
1493 5838 1589 5888 codices
1598 5850 1685 5887 omncs
1695 5844 1791 5889 nouus
1800 5850 1872 5902 stupra
1884 5839 1908 5890 ln
1919 5851 2043 5890 aerumnis

1240 5903 1281 5963 δέ,
1293 5909 1448 5966 acpractcrea
1459 5900 1488 5949 ad
1497 5900 1537 5961 plu
1551 5900 1616 5950 etad
1627 5900 1738 5962 quintum
1753 5899 1783 5951 cl.

1272 5983 1309 6049 (n)
1321 5981 1390 6033 uias.
1402 5982 1435 6033 dc
1447 5981 1532 6031 t'crlris
1542 5981 1631 6031 ttnmiui
1640 5980 1680 6031 no.
