4759 6684
364 529 415 584 lot

364 646 424 715 quie
445 644 573 715 aperitione
584 640 642 695 lorti
652 646 696 692 aut
704 638 773 690 marli.
783 635 810 689 Si
818 644 905 690 autern
913 634 964 688 lun
975 632 1152 688 testimonium

367 720 1152 802 relellie,radetilripotinsadillasrogationes‚otdie:Quiu

368 831 396 884 in
407 829 476 884 coelo
493 832 647 896 peccarunt,
663 830 690 877 ct
702 821 764 876 inde
779 822 805 874 in
823 833 933 890 corpora
945 816 1152 890 precipitantur.

367 918 424 975 ilion
438 916 508 981 dico,
517 914 613 985 inquit.
624 914 712 979 Quare
723 926 776 967 non
790 910 874 966 dicis?
887 909 953 978 Quia
967 908 1030 963 dicit
1043 909 1155 978 Apmto-

367 1010 417 1074 ius,
428 1005 551 1062 Nondum
565 1003 640 1072 natis,
657 1001 805 1075 necaiipuid
814 1002 943 1074 apentiiur
958 1000 1015 1054 loni
1027 1008 1069 1054 aut
1083 998 1153 1053 mali.

367 1097 396 1154 Sl
411 1111 475 1168 ergo
493 1110 546 1150 raon
571 1109 617 1150 cos
638 1108 748 1150 amusan
768 1093 794 1146 in
817 1093 895 1156 coelo,
910 1105 992 1161 quare
1004 1104 1114 1145 accusas
1128 1089 1154 1143 ln

367 1189 462 1247 uterni
477 1187 518 1243 Ad
533 1195 674 1256 utrumque
688 1183 832 1255 respondet
844 1183 996 1254 Apostolus,
1012 1188 1040 1236 et
1057 1182 1096 1236 eis
1110 1194 1155 1236 re·

368 1278 481 1351 spondet
494 1277 539 1348 qui
554 1277 655 1344 dicunt,
671 1275 699 1330 in
718 1278 788 1332 cneio
806 1281 997 1344 pemaveruut3
1013 1282 1039 1328 et
1058 1273 1097 1327 eis
1111 1286 1156 1327 re·

369 1369 482 1440 spondet
501 1368 546 1438 qui
566 1366 667 1433 dicunt,
690 1366 717 1420 ln
741 1375 816 1420 rutero
833 1373 1018 1436 peccauerunt.
1043 1362 1104 1433 qnia
1123 1361 1156 1416 ad

370 1474 512 1530 utrumque
524 1457 612 1512 ralcrn
624 1457 667 1512 ilia
682 1455 762 1511 narina
775 1471 834 1525 qrrae
848 1455 948 1516 dicunt.
960 1463 1101 1523 arianorum
1112 1466 1158 1506 na·

370 1559 517 1615 merentur,
531 1547 596 1603 niirii
616 1547 702 1617 egisse
714 1547 754 1602 rel
774 1545 835 1601 boni
850 1544 891 1601 r'ei
906 1544 977 1600 mali.
993 1544 1080 1611 Quare
1093 1556 1158 1612 ergo

369 1642 537 1698 rurorinnturi
549 1639 583 1694 Et
595 1639 637 1692 iric
647 1650 673 1694 te
684 1638 821 1693 auditurus
830 1650 900 1703 staro,
910 1644 938 1692 ct
949 1650 1001 1690 noo
1010 1634 1098 1704 potius
1108 1633 1159 1688 ila·

367 1737 478 1805 gistrum
489 1729 632 1788 Gentium!

404 1821 517 1880 CAPUT
536 1819 593 1876 i'tt.
606 1819 670 1878 -ti
696 1818 784 1873 Gratia
798 1816 909 1888 paruulis
918 1825 942 1869 et
955 1814 1092 1886 rrrajoriiut
1101 1812 1159 1867 sot-

369 1912 478 1967 uenient.
489 1908 738 1981 Gratioemprterirnn
748 1905 920 1961 inscrutabile.
935 1905 982 1959 liic
991 1903 1066 1965 milri,
1079 1901 1159 1957 Paule

368 2002 500 2072 apostole,
514 2015 595 2070 quare
614 1997 780 2053 moriuntur?
795 1995 847 2050 Per
861 2011 938 2049 unnoa
958 1994 1082 2048 dontinenr
1103 2009 1160 2063 pee-

369 2100 454 2146 ealunt
463 2090 564 2144 intrauit
575 2089 602 2142 in
623 2087 754 2150 rotundum,
764 2095 786 2140 et
797 2103 841 2156 per
851 2093 979 2154 peccatum
993 2099 1079 2148 rnore,·
1093 2091 1116 2136 et
1125 2083 1160 2135 ita

371 2183 399 2236 in
409 2197 496 2237 urtrner
506 2181 619 2235 ltonrinet
634 2177 790 2249 pertransiit,
801 2178 883 2246 inquo
893 2183 1158 2244 orrrrreuprcearerunt.

372 2271 441 2328 unce
456 2270 556 2340 primus
569 2269 650 2323 ironto
662 2276 743 2322 totam
760 2280 873 2321 massam
887 2263 1065 2319 damnabilem
1080 2262 1160 2318 iecit:

373 2365 469 2428 renim.
481 2364 568 2418 rcuiat
578 2362 813 2425 Donrirrusnostcr,
822 2358 954 2414 menardus
963 2360 1054 2422 laento,
1062 2356 1160 2420 ueniat,

373 2454 480 2521 rerriat;
493 2468 526 2508 ex
550 2451 602 2506 ulio
623 2451 727 2506 tramite
742 2449 840 2515 ueniat,
856 2463 904 2517 per
916 2448 1044 2517 virginem
1058 2446 1160 2511 roniat;

372 2545 448 2601 rivus
468 2544 576 2608 veniat,
599 2551 720 2596 mortuos
739 2539 856 2594 inverunt
874 2555 882 2591 a
902 2538 1040 2603 moriatur,
1056 2545 1086 2592 ut
1103 2551 1163 2592 mo-

373 2635 452 2691 rienti
464 2633 613 2698 subveniat,
629 2641 750 2686 mortuos
771 2628 805 2683 ad
823 2629 903 2683 ritum
923 2626 1073 2691 transierat,
1089 2641 1162 2682 mor·

374 2739 434 2782 tuns
452 2725 595 2781 redimata
610 2728 706 2787 morte,
721 2729 811 2776 seram
822 2719 904 2774 uitam
920 2719 946 2774 in
961 2719 1074 2784 morte¹,
1091 2712 1163 2773 occi·-

374 2817 421 2874 dat
439 2827 553 2873 nauatam
576 2814 612 2891 de
630 2821 726 2869 marte.
741 2810 804 2869 Sola
823 2820 865 2868 est
881 2812 931 2868 ista
941 2812 1025 2882 gratia
1040 2811 1164 2882 parrulo-

376 2925 445 2973 rnm.
462 2907 517 2963 stria
541 2904 758 2977 majurumrsoia
779 2904 874 2960 liberat
892 2903 1004 2974 pusillos
1026 2918 1086 2958 curn
1106 2917 1165 2957 ma·

376 3000 444 3070 auia.
457 2997 545 3065 Quare
568 2997 653 3062 illum,
668 3003 695 3051 et
716 3009 800 3066 quare
820 2994 912 3061 iilum3
927 3006 1009 3062 quare
1023 3008 1076 3047 non
1089 2992 1164 3048 ilium

375 3102 455 3161 arque
467 3090 557 3154 ilium;
573 3087 634 3144 nnio
647 3102 663 3142 a
675 3101 719 3142 nan
732 3100 848 3157 quaeras.
864 3084 950 3141 iiomo
961 3098 1020 3140 sum
1033 3100 1041 3138 :
1055 3086 1165 3155 prolun-

376 3182 440 3236 dmn
461 3180 548 3236 crucis
570 3180 689 3244 aduerte,
713 3193 766 3231 non
786 3185 915 3247 penetro;
932 3191 1094 3247 expavesco,
1113 3190 1165 3231 non

377 3284 492 3329 scrutor.
505 3271 688 3328 irtscrutairiiia
706 3279 767 3325 aurit
779 3269 877 3338 iudicia
888 3269 957 3339 ejus,
972 3267 1167 3339 iuvestigabiles

376 3374 438 3421 snm
458 3365 507 3418 airu
527 3364 584 3434 ojus
599 3361 687 3433 (Pena.
708 3378 745 3426 ιι,
766 3362 823 3432 55).
838 3359 924 3416 iiomo
937 3374 1007 3425 sum,
1022 3359 1104 3415 immo
1116 3373 1165 3414 cs:

351 3482 355 3490 ·
377 3456 458 3510 iromo
469 3463 526 3511 erat
535 3454 580 3524 qrri
592 3453 707 3518 dicebat,
723 3451 745 3506 0
760 3452 844 3517 leonto,
858 3460 886 3505 tn
898 3451 954 3521 onir
966 3467 992 3506 ee
1005 3450 1048 3522 qni
1061 3466 1166 3520 reupon-

376 3549 436 3602 aleos
451 3545 570 3619 licelid.
586 3561 623 3610 tr,
634 3544 700 3615 edit
713 3544 798 3600 ileum
810 3543 925 3609 dicebat,
940 3542 1039 3596 homini
1052 3542 1165 3597 dirclrat.

376 3639 474 3693 Audiat
498 3639 588 3701 immo,
604 3652 637 3692 nc
657 3646 750 3706 pereat
770 3634 859 3701 homo,
876 3643 982 3704 proptor
998 3649 1076 3704 quem
1097 3633 1168 3688 lietu

378 3731 462 3786 iactus
474 3738 513 3785 cet
528 3728 618 3784 homo.
635 3727 662 3781 lo
679 3727 728 3781 irae
747 3739 809 3796 ergo
828 3725 915 3781 crucis
935 3724 1124 3795 profunditate,
1140 3723 1166 3776 in

377 3821 428 3876 lanc
444 3835 530 3875 terrim
553 3827 624 3875 tauta
643 3817 804 3874 ubscuritate
818 3824 955 3872 teneamus
967 3815 1037 3886 qrrod
1052 3815 1168 3870 carrtnri·

378 3925 437 3966 mua
449 3928 455 3965 a
467 3925 519 3966 non
533 3909 568 3965 de
582 3917 673 3964 nostra
692 3908 790 3962 virtute
808 3920 1012 3977 praesumamus,
1026 3921 1079 3962 non
1092 3904 1166 3978 inge·

377 4003 441 4060 moti
461 4002 544 4058 rinstri
557 4001 657 4057 uiribus
669 4000 695 4055 in
711 3999 761 4054 irac
775 3998 922 4070 quaestione
943 3997 1041 4068 aliquid
1060 4011 1168 4067 arroge-

377 4108 455 4149 mus:
469 4092 604 4148 Praimum
615 4090 746 4155 dicamus,
760 4104 821 4145 cum
834 4088 939 4143 Psalmo
951 4086 1081 4154 dicamus,
1094 4085 1169 4142 iiire·

377 4200 433 4239 rere
449 4184 508 4249 orei,
533 4181 613 4250 Deua,
632 4181 750 4236 ntinrere
771 4181 830 4234 atei.
844 4178 952 4249 Quare?
964 4179 1031 4246 Quia
1044 4179 1167 4235 uirtutem

379 4273 465 4331 iraireo
478 4288 530 4346 qua
541 4283 568 4330 te
582 4272 753 4345 promerear?
764 4269 833 4328 Non.
849 4270 955 4340 Quarei
968 4269 1034 4337 Quia
1044 4270 1168 4325 nolunta-

379 4366 413 4421 ιιι
421 4365 560 4421 arbitrium
571 4379 646 4436 gero,
657 4361 728 4420 urade
736 4364 849 4435 gratiam
863 4371 934 4418 tuam
946 4363 1068 4417 nicritnm
1079 4377 1167 4418 meum

379 4457 528 4526 prccaedati
546 4455 616 4513 lion.
635 4454 688 4512 Sed
711 4455 814 4525 ananei
828 4451 955 4519 Quoniam
974 4453 1001 4508 in
1022 4463 1045 4509 te
1065 4454 1169 4523 confidit

379 4551 464 4604 uninra
486 4564 542 4604 ntea
561 4545 646 4619 (Paul.
664 4563 718 4614 aar,
730 4546 771 4618 2).
785 4546 877 4617 lingna
891 4544 1011 4611 scientia,
1028 4545 1076 4599 ista
1087 4544 1170 4598 corili-

380 4637 617 4695 announcement
631 4637 664 4694 nd
679 4638 830 4699 Dominum.
844 4647 895 4692 etc.

616 4766 732 4824 stillio
750 4766 871 4824 clxvi·
888 4767 937 4842 (o).

380 4880 471 4937 Serota
493 4881 526 4934 de
546 4880 626 4937 nerlu
645 4881 770 4954 Apostoli,
784 4881 881 4951 Epiron.
895 4899 952 4954 cap.
969 4899 1005 4949 tr,
1017 4885 1064 4951 25,
1080 4887 1168 4957 iiepo·

381 4980 475 5026 nentes
497 4968 674 5038 menducium,
699 4970 837 5042 loquimini
859 4973 997 5028 ueritatem
1011 4992 1017 5026 :
1029 4986 1052 5029 et
1071 4975 1169 5033 Pralni

378 5076 440 5128 uxr,
453 5061 497 5128 il,
514 5059 606 5115 0muis
619 5059 700 5116 irnmu
713 5060 836 5117 madar.

413 5173 527 5232 CAPUT
559 5173 702 5231 Pliiiillii.
719 5204 756 5216 -
778 5175 804 5229 i.
833 5173 995 5230 ilendacium
1018 5177 1170 5249 prohibitum

379 5266 485 5320 leontini.
518 5265 591 5321 lianc
614 5267 790 5334 sententiam,
818 5282 898 5336 errant
922 5268 987 5324 dixit
1015 5271 1167 5341 Apostolus,

377 5355 538 5427 lleponrrrteu
554 5358 722 5426 mendacium,
738 5358 868 5430 nutrimini
887 5360 1025 5429 ueritatem,
1044 5377 1096 5417 non
1109 5377 1170 5420 esse

358 5475 360 5478 ·
377 5448 536 5503 contrariam
549 5447 585 5502 ilii
596 5449 746 5513 sententia,
766 5464 826 5519 nuce
846 5447 916 5505 dicta
939 5459 982 5507 cst
1003 5452 1030 5507 in
1051 5453 1167 5520 Psalmo,

380 5536 469 5594 Omnia
494 5538 570 5593 lranro
590 5539 711 5604 urendae,
736 5539 759 5595 si
783 5540 910 5597 Dominus
928 5541 974 5598 dat
994 5543 1166 5613 intellectum,

343 5705 347 5712 ’
376 5717 480 5826 ιωἠιιιιι.
491 5722 530 5766 rs.
543 5722 570 5766 ct
584 5711 669 5778 planes
686 5714 850 5778 mnusntptt.
861 5712 887 5767 in
901 5719 1074 5783 ruorlern‚·ued
1089 5722 1169 5774 mlnru

408 5836 574 5888 ἰιιιιιιᾱιιιιι
590 5836 619 5886 ad
637 5835 919 5900 gavimianum.

407 5937 444 6000 (ιι)
457 5935 526 5998 udus,
537 5937 569 5990 de
579 5938 684 5990 nirenta
694 5936 735 5996 Β.

972 518 1000 576 S.
1021 513 1203 574 Aucdsttxt
1224 510 1368 567 [uisceri

1948 515 2002 571 unt

1209 631 1325 688 irretirer
1339 649 1512 702 erprurcmns.
1527 635 1595 704 Quid
1608 651 1672 706 ergo
1683 645 1733 702 cst,
1749 636 1911 708 Deponentes
1931 654 2005 691 rnen·

1209 722 1317 786 danum,
1329 725 1460 792 loquimini
1475 727 1621 792 ueritatem,
1634 735 1671 789 et,
1684 725 1773 783 Onrnie
1784 727 1858 783 lamo
1871 728 2004 784 meratina?

1208 815 1250 867 Au
1275 815 1447 884 impossibilia
1473 833 1521 887 per
1546 818 1701 886 Apostolum
1726 819 1797 874 Deus
1814 818 1911 891 jubet!
1932 817 2004 873 liora.

1209 907 1276 972 Quid
1291 921 1354 978 crgo
1371 907 1465 978 juberi
1478 907 1571 964 Audeo
1585 908 1693 965 dicere:
1707 909 1754 965 sed
1767 909 1824 964 sine
1836 909 2006 966 contusaeiia

1209 998 1307 1054 dietum
1321 999 1465 1069 accipiatis,
1479 1001 1540 1069 quia
1552 1009 1580 1056 et
1594 1002 1620 1055 in
1635 1016 1678 1056 mc
1687 1001 1774 1071 ipsum
1788 1000 1868 1056 dica:
1883 1000 1938 1056 lroc
1957 1001 2007 1072 jn·

1209 1090 1255 1146 iret
1268 1091 1348 1158 Deus,
1361 1103 1389 1146 ut
1409 1106 1462 1146 non
1482 1093 1566 1147 airuns
1589 1092 1721 1149 iromioes.
1734 1094 1762 1150 si
1780 1094 1851 1150 enim
1869 1094 2008 1160 dicerem,

1209 1182 1288 1238 lubet
1303 1182 1372 1239 licus
1387 1191 1415 1237 ut
1426 1198 1478 1238 non
1487 1183 1543 1237 sitis
1557 1184 1689 1249 hominen
1701 1185 1796 1240 acerbe
1808 1184 1921 1240 lursitan
1934 1184 2008 1239 aeci-

1210 1273 1309 1341 paretis
1319 1288 1325 1325 :
1339 1281 1365 1327 ct
1376 1288 1419 1328 me
1429 1273 1516 1344 itaque
1529 1274 1669 1342 conjunxi,
1680 1289 1714 1329 ne
1724 1275 1783 1345 quis
1792 1275 1935 1332 irascatur.

1245 1362 1357 1419 CAPUT
1378 1363 1408 1419 il.
1432 1393 1468 1403 -
1485 1363 1514 1417 2.
1539 1362 1660 1419 lionrr‘nee
1683 1381 1730 1419 car
1752 1365 1922 1438 oliurpantur
1937 1368 2011 1438 quod

1210 1453 1260 1506 rirrt
1271 1452 1392 1507 Anndner.
1407 1453 1440 1507 ln
1450 1464 1530 1508 reim
1543 1454 1643 1508 lronrine
1655 1455 1823 1520 mennatum,
1838 1456 1866 1510 in
1882 1471 1948 1511 noua
1963 1471 2009 1512 ue·
2030 1446 2035 1494 ι

1211 1548 1281 1597 ritas.
1301 1543 1364 1599 Pius
1385 1545 1456 1600 euim
1476 1543 1537 1601 dico
1557 1545 1694 1602 Sanctitati
1714 1553 1832 1601 restrae:
1852 1547 2029 1604 invertimus·

1211 1637 1367 1706 Apostolum
1380 1639 1612 1707 unquumcrimen
1622 1639 1754 1709 objecisse
1767 1639 1932 1708 inominibus,
1944 1644 2009 1712 quis

1212 1727 1334 1784 immines
1355 1738 1417 1784 sunt
1429 1748 1436 1786 ι
1448 1730 1591 1802 oitjttrgaus
1609 1732 1681 1787 enim
1701 1731 1759 1788 ilios
1772 1734 1822 1788 iroc
1836 1732 1915 1788 dixit.
1930 1731 2009 1802 Quo·

1212 1819 1292 1873 ruodo
1305 1833 1353 1873 nos
1366 1820 1424 1874 irati
1437 1820 1550 1875 dicimus
1564 1821 1653 1888 alicui,
1670 1823 1754 1878 Pecus
1768 1836 1798 1878 cs
1809 1840 1817 1877 a
1828 1823 1869 1879 sic
1885 1822 1931 1878 iiic
1944 1838 2010 1878 cor·

1212 1910 1312 1978 ripicns
1327 1911 1352 1965 in
1365 1909 1469 1981 ringella
1481 1908 1624 1968 dominice
1637 1913 1794 1983 disciplinae,
1806 1914 1907 1985 obiecit
1919 1913 2011 1968 horari-

1214 2000 1292 2054 nilrns
1312 2001 1372 2071 quia
1396 2001 1616 2058 lramioeserant.
1632 2003 1700 2070 Quid
1724 2004 1784 2059 illos
1804 2003 1865 2060 lieri
1889 2005 2011 2069 nolebat,

1214 2093 1310 2162 orditus
1333 2093 1435 2150 crimen
1455 2102 1514 2150 erat
1531 2096 1592 2167 qrria
1615 2096 1736 2151 iromiucs
1754 2096 1929 2152 emalricum
1943 2100 2013 2153 euin

1214 2188 1245 2240 eit
1259 2187 1323 2241 irrter
1337 2203 1390 2254 aas,
1404 2186 1499 2257 inquit,
1515 2187 1643 2242 annulatio
1657 2197 1681 2242 et
1694 2188 1837 2252 contenti03
1850 2205 1938 2243 nonne
1951 2204 2012 2242 cur·

1215 2274 1285 2330 rraler
1299 2276 1365 2341 eutis,
1379 2285 1403 2330 et
1416 2276 1554 2331 uerendum
1565 2277 1691 2331 irentincm
1701 2277 1932 2334 nminlatiuillum
1943 2281 2011 2334 ιιιίιιι

1215 2367 1271 2435 onie
1285 2367 1363 2434 dicat,
1378 2366 1435 2439 Epo
1447 2368 1548 2439 quidem
1566 2385 1622 2424 eunt
1641 2368 1735 2434 Pauli,·
1748 2371 1813 2424 aliut
1832 2380 1935 2438 autern,
1953 2370 2009 2444 Epo

1218 2457 1327 2529 Apollo:
1338 2475 1420 2514 nenne
1431 2459 1544 2515 dominer
1556 2461 1614 2516 euris
1623 2460 1649 2534 (1
1663 2460 1722 2516 Cor.
1733 2478 1771 2528 ur,
1784 2463 1831 2518 iet
1842 2462 1892 2534 lii
1904 2464 2012 2534 Expro-

1217 2550 1298 2606 lrraus
1318 2561 1345 2606 ct
1367 2552 1510 2623 obiurgans
1533 2554 1580 2619 ait,
1601 2551 1695 2608 Nonne
1715 2556 1828 2610 lorrainee
1849 2557 1930 2611 eutis?
1943 2556 2012 2625 Quid

1217 2656 1281 2713 ergo
1294 2657 1340 2698 eos
1362 2643 1420 2699 iicri
1435 2645 1549 2711 uniebat,
1567 2645 1616 2699 nisi
1639 2645 1709 2716 quand
1730 2647 1755 2701 in
1779 2646 1888 2703 Psalmo
1901 2648 2011 2714 dicitur,

1220 2734 1275 2808 Epo
1286 2737 1350 2804 dici,
1365 2737 1408 2792 Dii
1421 2739 1480 2793 ertia
1493 2749 1516 2794 ιι
1530 2737 1577 2809 filii
1592 2739 1733 2794 Alliarinril
1748 2740 1805 2796 iioc
1817 2741 1928 2810 quidem
1948 2742 2026 2797 dixit·

1220 2829 1290 2883 Deus
1302 2846 1309 2883 a
1322 2828 1354 2883 ad
1376 2829 1427 2884 irae
1448 2829 1519 2884 enim
1533 2838 1620 2884 necat.
1634 2830 1686 2885 sod
1707 2831 1769 2901 quid
1788 2831 1948 2903 subjungier
1966 2832 2012 2887 Vur

1218 2929 1302 2974 autern
1314 2921 1378 2975 ricrd
1393 2920 1505 2976 inminet
1517 2923 1667 2986 merienrini,
1680 2933 1702 2975 et
1714 2923 1779 2977 sicut
1792 2913 1857 2978 aaut
1874 2925 1906 2978 rie
1919 2926 2011 2995 princi-

1219 3014 1292 3085 pibus
1312 3013 1406 3069 cadetis
1417 3013 1500 3084 (Psoi.
1517 3030 1607 3078 uruat,
1623 3016 1672 3070 liet
1687 3016 1723 3086 i).
1739 3016 1773 3071 Et
1788 3016 1823 3071 tin
1839 3018 2010 3086 opprobrium

1219 3106 1352 3176 oltjcclum
1365 3115 1417 3173 esi,
1432 3121 1492 3161 cunt
1514 3105 1620 3169 dicitur,
1639 3105 1689 3161 l'os
1706 3091 1789 3160 antem
1811 3107 1878 3161 sicul
1901 3107 2009 3163 leontinae

1219 3196 1370 3250 moriemini.
1387 3195 1471 3250 Homo
1483 3196 1556 3251 enirn
1572 3197 1667 3263 Adam,
1680 3207 1706 3250 ct
1721 3213 1774 3251 riou
1792 3197 1864 3252 itlius
1878 3197 2008 3253 imminit:

1220 3285 1342 3341 Christus
1362 3295 1451 3341 autem
1474 3284 1544 3340 illius
1568 3285 1829 3349 dominicationis.
1848 3288 1888 3341 Ad
1902 3287 2008 3343 menda·

1220 3377 1290 3433 cium
1302 3388 1378 3433 retus
1398 3378 1478 3433 inemo
1500 3378 1625 3449 pertinet,
1639 3379 1663 3432 id
1679 3389 1730 3444 cst,
1747 3379 1851 3446 Adam;
1868 3380 1901 3435 ad
1915 3382 2007 3436 vertu-

1222 3478 1275 3523 tem
1299 3483 1384 3524 nouus
1409 3469 1489 3526 intmo
1511 3469 1580 3525 itlius
1603 3470 1728 3537 ioannis,
1749 3470 1800 3525 iroc
1819 3482 1872 3538 cst,
1893 3470 2008 3529 Cirristas

1221 3561 1299 3615 lieus.
1316 3561 1343 3616 Si
1364 3561 1474 3632 deponis
1489 3561 1666 3626 nrcrrdacium,
1681 3578 1749 3618 cruc
1763 3563 1868 3629 Adam;
1885 3564 1907 3618 si
1922 3565 2008 3635 ioque·

1222 3653 1259 3708 ris
1272 3655 1420 3718 ateritatcrn,
1437 3653 1517 3708 induc
1528 3653 1663 3708 (limistum
1676 3672 1683 3708 ι
1694 3664 1721 3707 et
1736 3670 1788 3707 nun
1801 3655 1849 3708 tiiri
1862 3662 2007 3711 cronicar-

1222 3745 1301 3798 traria
1315 3760 1374 3816 qne
1392 3745 1472 3799 niodo
1494 3744 1521 3799 in
1543 3745 1687 3816 Scripturis
1711 3757 1773 3800 surn
1796 3747 1894 3817 posita.
1909 3748 1975 3817 Quia
1987 3758 2008 3803 et

1222 3836 1366 3908 Apostolus
1374 3836 1523 3892 exurendum
1537 3836 1671 3895 imminent
1682 3847 1799 3893 soterem
1810 3848 1838 3894 et
1850 3839 2007 3896 induendum

1221 3941 1320 3982 aarum
1337 3941 1460 3995 mortens,
1473 3926 1546 3995 dicit,
1560 3925 1720 3999 Deponentes
1738 3927 1916 3998 mendacium,
1931 3932 2006 4002 lanei·

1221 4019 1284 4072 mini
1292 4019 1438 4074 ueritatem:
1449 4027 1475 4073 ct
1486 4018 1606 4074 Psaimus
1621 4020 1680 4075 iilos
1692 4019 1852 4076 admonebat
1865 4030 1893 4077 et
1904 4024 2007 4095 plange·

1221 4111 1277 4179 hat,
1293 4109 1338 4181 qui
1352 4109 1471 4166 nolentes
1482 4126 1580 4167 exuere
1594 4111 1679 4167 Adam
1696 4121 1724 4168 ct
1741 4112 1853 4170 inducre
1868 4115 2007 4184 christun,

1222 4215 1275 4255 nou
1300 4200 1360 4254 truri
1383 4199 1515 4265 homines,
1531 4200 1577 4257 scd
1598 4210 1699 4257 tantum
1712 4201 1835 4258 homines
1848 4219 1912 4261 esse
1924 4207 2008 4278 copie·

1221 4290 1301 4356 itanu
1316 4290 1438 4362 qrraiibus
1450 4292 1558 4362 dicitur,
1569 4291 1870 4351 ii'onnelromincsertiu?
1884 4296 1918 4352 Et
1929 4298 1957 4353 in
1970 4312 2010 4353 rau

1222 4383 1293 4438 cadit
1303 4384 1374 4454 quod
1387 4384 1486 4440 dicium
1501 4395 1551 4450 esi,
1567 4383 1656 4440 Omnia
1669 4385 1744 4441 ltonm
1759 4387 1878 4443 eamden.

1258 4475 1372 4533 CAPUT
1386 4474 1430 4531 111.
1443 4506 1478 4517 -
1490 4477 1517 4532 ὅ.
1535 4476 1733 4547 monendoque
1747 4475 1796 4533 Dei
1807 4488 1877 4546 sunt,
1889 4480 1956 4548 fiant
1969 4497 2011 4534 no·

1222 4577 1284 4620 erra.
1300 4566 1329 4622 st
1348 4565 1429 4622 itomo
1444 4567 1483 4622 vis
1498 4581 1567 4634 csse,
1581 4566 1696 4622 mendax
1711 4568 1773 4622 cris.
1787 4567 1847 4623 iluli
1868 4569 1938 4625 nelle
1958 4583 2012 4626 essa

1224 4660 1315 4725 inemo,
1329 4670 1357 4715 et
1378 4674 1431 4715 non
1452 4661 1505 4717 eris
1526 4660 1653 4715 mendax.
1668 4659 1749 4716 indue
1761 4660 1909 4729 Christum,
1926 4663 2014 4719 eterit

1223 4767 1303 4807 verax
1315 4769 1322 4807 :
1336 4760 1365 4806 ut
1376 4767 1435 4822 quae
1449 4752 1553 4807 locutus
1567 4750 1659 4819 lucris,
1672 4766 1725 4807 nnn
1739 4758 1784 4806 tua
1797 4752 1852 4806 sint
1863 4754 1943 4822 quasi
1959 4768 2014 4823 pro

1223 4843 1290 4913 pria,
1301 4851 1329 4897 et
1343 4842 1391 4898 abs
1411 4851 1436 4898 te
1459 4843 1589 4908 inutiliora,
1601 4843 1648 4897 scd
1663 4842 1821 4899 illustrantis
1836 4851 1863 4898 te
1877 4851 1906 4898 ct
1922 4843 2019 4899 illumi·

1223 4936 1312 4991 nantis
1327 4936 1455 4991 ueritatis.
1471 4935 1538 4991 Nam
1556 4935 1579 4990 si
1594 4934 1750 5006 spoliaberis
1769 4935 1880 5003 lumine,
1895 4951 2020 4992 numne

1223 5028 1263 5083 itis
1285 5028 1312 5083 iu
1332 5027 1449 5084 tenebris
1467 5027 1530 5094 tuis,
1543 5036 1571 5083 ct
1592 5043 1645 5083 nun
1673 5027 1773 5097 poteris
1797 5027 1849 5082 uisi
1875 5028 2020 5085 mendacia

1222 5119 1305 5191 ioqui.
1323 5120 1368 5175 Ait
1388 5120 1459 5176 enim
1481 5119 1537 5191 ipse
1552 5119 1692 5188 Dominus,
1709 5119 1759 5187 Qui
1778 5119 1890 5190 monier
1913 5122 2023 5177 madr-

1222 5213 1305 5276 ciunr,
1321 5210 1352 5265 ale
1377 5228 1422 5266 eno
1445 5211 1555 5282 loquitur
1576 5209 1669 5284 (loen.
1693 5226 1750 5278 tarr,
1770 5209 1916 5282 ld):quiu
1938 5213 2023 5268 ameria

1222 5303 1297 5356 lromo
1319 5301 1438 5355 mendax.
1459 5301 1508 5370 Qui
1529 5317 1594 5374 crgo
1615 5301 1733 5372 loquitur
1747 5300 1897 5368 veritatem,
1918 5318 1975 5358 nou
1989 5302 2024 5360 de

1222 5390 1408 5462 conloquitur,
1422 5390 1469 5448 scd
1483 5391 1517 5448 de
1532 5392 1589 5447 Dei.
1604 5389 1662 5448 Non
1675 5392 1782 5465 quidem
1796 5393 1844 5459 ita,
1854 5400 1884 5448 ut
1898 5409 1966 5450 cum
1979 5395 2022 5451 iu·

1222 5483 1267 5553 qui
1287 5482 1408 5538 dicamus
1426 5481 1513 5538 aliena
1526 5500 1534 5539 a
1545 5481 1611 5538 llunt
1623 5483 1695 5539 enim
1710 5496 1768 5552 sua,
1783 5497 1845 5539 cnm
1859 5493 1936 5541 emat
1948 5484 2023 5557 qnod

1223 5576 1329 5647 accipit,
1342 5575 1481 5647 cigretias
1494 5576 1550 5649 agit
1570 5575 1607 5632 ilii
1631 5576 1675 5647 qui
1689 5575 1774 5634 dedit.
1793 5575 1861 5633 iiam
1883 5576 1907 5632 ri
1932 5578 2023 5634 eiulatu

1222 5665 1302 5721 lrrcrit
1316 5666 1417 5723 iromini
1429 5666 1571 5723 illustratio
1581 5667 1712 5735 ueritatis,
1727 5667 1878 5725 remanebit
1890 5677 2023 5741 unquam

1223 5757 1310 5814 nudus
1322 5758 1478 5816 indumento
1491 5758 1610 5824 luminis.
1625 5744 1712 5816 etaon
1727 5761 1826 5831 poterit
1839 5759 1891 5817 uisi
1904 5761 2023 5818 menda-

1222 5850 1262 5904 ria
1277 5850 1358 5923 ioqui.
1370 5851 1427 5908 line
1441 5853 1511 5908 enim
1534 5853 1560 5908 in
1584 5852 1630 5908 ilie
1643 5853 1802 5919 remanebit,
1814 5853 1887 5926 quod
1901 5855 1929 5909 in
1946 5853 2021 5910 Psal-

1223 5956 1267 5996 mo
1279 5942 1405 6013 scriptum
1419 5950 1469 6012 cst,
1488 5942 1576 5997 (ironia
1592 5943 1665 5999 darno
1680 5944 1799 6000 mendae.
