4759 6684
369 582 426 640 537

369 697 424 765 tis,
438 709 517 767 quam
537 690 585 748 toti
599 691 624 758 ¹,
640 690 799 761 quicumque
824 689 911 745 adltuc
935 688 1035 760 paruuli
1061 696 1125 743 esus
1140 687 1165 741 in

368 787 434 845 nido
447 785 508 841 fidei
521 827 528 853 ,
542 795 569 838 ct
581 782 749 853 spiritualem
760 797 848 837 escam
859 780 991 851 accipitis!
1009 781 1063 852 Ego
1077 789 1167 834 aunem

366 879 462 943 miser,
472 893 531 931 cum
551 891 593 930 me
601 875 633 929 ad
641 875 782 929 rolantdurn
791 875 914 929 idoneum
928 884 1057 944 putarem,
1072 872 1166 940 reliqut

369 970 478 1034 nidum;
493 978 520 1023 ct
533 969 607 1039 prius
621 966 722 1033 cecidi,
739 982 817 1036 qnam
829 966 956 1019 volarem.
973 962 1025 1018 Sed
1041 963 1165 1016 Dominus

367 1063 523 1120 misericors
534 1077 589 1126 me,
601 1076 615 1112 a
630 1058 829 1114 transeuntibus
842 1073 874 1112 ne
886 1057 1057 1112 conculcarer
1068 1063 1095 1109 et
1106 1070 1165 1107 trao-

368 1171 454 1222 rcrer,
472 1153 585 1217 levarit,
601 1152 663 1207 etin
676 1151 740 1205 nido
750 1151 877 1220 reposuit.
892 1148 954 1203 llnc
964 1146 1034 1204 enirn
1050 1163 1092 1200 nte
1106 1161 1166 1214 pcr-

367 1247 552 1310 turbarernnt,
567 1258 626 1314 qum
642 1240 810 1296 moderabis
825 1255 934 1296 securus
947 1239 972 1293 in
989 1238 1096 1293 nomine
1110 1236 1164 1292 lto·

367 1338 432 1393 atini
453 1345 480 1390 ct
495 1349 634 1405 propono,
647 1340 673 1386 ct
686 1347 800 1402 expono.

402 1427 429 1480 i.
464 1422 579 1480 Christus
607 1422 732 1490 qnontorio
769 1423 836 1490 titius
857 1422 983 1475 stretton
1017 1429 1039 1475 et
1069 1419 1163 1476 Dauid.

368 1516 400 1575 iit
427 1531 493 1587 crgo
512 1515 602 1570 dicero
634 1528 784 1589 coeperarn,
812 1513 846 1566 ita
880 1514 917 1567 illi
947 1512 1162 1567 calumniantur:

367 1609 524 1674 llattlnens,
537 1608 672 1677 inquiunt,
688 1605 852 1676 evangelista
872 1616 931 1670 est,
946 1614 974 1661 ct
995 1606 1105 1660 creditis
1119 1605 1164 1659 eit

368 1699 571 1770 Cottaequentcr
594 1699 683 1767 utique
708 1712 786 1766 quent
815 1696 929 1751 latemur
954 1697 1161 1766 evangelistam,

369 1790 430 1847 ltuic
460 1787 783 1845 neeessariocredlntus.
811 1786 947 1842 Attendite
978 1788 1163 1857 generationes

369 1881 476 1945 turis-tt,
488 1896 555 1950 quas
571 1880 659 1949 posuit
668 1878 806 1933 iiattbtcus
819 1897 825 1932 ι
837 1876 913 1931 Liber
921 1879 1088 1948 petierationis
1100 1876 1162 1932 iesu

369 1971 477 2039 Citati,
490 1973 539 2041 pttt
549 1971 641 2037 Dauid,
652 1970 699 2039 ,tttt
709 1968 846 2022 librabant.
858 1967 997 2036 Quomodo
1005 1969 1053 2036 filii
1067 1967 1160 2036 dauid,

369 2063 501 2137 quomodo
517 2063 565 2133 pilii
580 2060 726 2115 dirutione?
739 2059 794 2119 Nisi
813 2059 884 2114 euim
907 2075 953 2129 per
966 2059 1161 2113 successionem

367 2157 488 2228 gatteria,
500 2153 605 2210 ostendi
616 2169 668 2206 non
683 2160 779 2222 potest.
796 2152 905 2205 Constat
921 2150 1091 2220 quippenam
1107 2149 1160 2204 lio·

368 2246 454 2302 atinus
466 2253 623 2300 nasceretur
637 2242 670 2297 de
682 2241 784 2311 uirgine
796 2240 891 2303 llaria,
909 2254 993 2310 nequo
1005 2239 1139 2293 dbraltam
1151 2281 1159 2308 ,

369 2353 454 2409 reque
467 2336 552 2392 liarid
566 2337 590 2391 in
606 2335 684 2390 rcltus
699 2333 821 2387 lturnanis
832 2333 922 2389 leisc.
940 2333 971 2385 [t
990 2340 1018 2385 tu
1037 2330 1160 2386 cnntdent

370 2429 432 2486 tlicis
455 2430 540 2484 liliutn
568 2426 649 2482 nat-td
662 2468 669 2492 ,
684 2425 860 2494 etttndentqnc
880 2424 945 2478 dicis
969 2422 1053 2478 illium
1074 2424 1160 2478 libra-

371 2520 448 2575 bant!
469 2517 739 2590 Tarrquamdicamus
754 2515 895 2580 blattlnco,
915 2512 999 2568 Probo
1012 2529 1076 2584 ergo
1090 2512 1160 2582 quod

370 2611 442 2668 dicis.
465 2610 600 2679 Exspecto
620 2608 691 2663 caim
714 2605 910 2662 successionem
930 2604 1035 2674 generis
1053 2602 1159 2659 Christi.

371 2700 511 2767 iiradettt,
533 2699 635 2769 inquit,
659 2697 744 2768 petiuit
765 2692 951 2758 isaac,1suac
972 2703 1055 2747 autem
1078 2695 1161 2764 genuit

370 2788 456 2847 iacob.
470 2790 553 2845 iacob
567 2798 649 2843 autem
661 2787 747 2858 pannii
761 2785 873 2850 indunt,
889 2793 911 2838 et
929 2787 1020 2855 fratres
1034 2785 1097 2854 ejas.
1107 2779 1163 2837 ¹iu·

370 2884 506 2938 issuutent
520 2882 606 2953 perluit
618 2879 717 2934 Pitores
733 2888 756 2934 et
775 2877 869 2935 Zarant
883 2877 914 2931 de
926 2874 1048 2930 Titanius.
1065 2874 1162 2958 Pieres

371 2975 548 3046 estempenuit
566 2972 659 3026 iisrort.
675 2970 757 3026 Esran
777 2979 861 3023 atttetn
873 2969 957 3041 patruit
979 2969 1066 3022 Aram.
1086 2967 1163 3022 Arent

369 3077 450 3122 estat
463 3066 551 3138 patuit
564 3062 716 3117 Antinadab.
728 3060 869 3116 drttinadab
883 3071 966 3114 autem
977 3060 1061 3129 penait
1075 3057 1161 3113 Naes-

369 3175 421 3214 tatt.
437 3155 560 3212 Nausson
578 3163 663 3208 autent
675 3152 759 3224 gennit
778 3151 895 3206 Snlntan.
908 3149 1014 3203 Salmon
1025 3158 1108 3202 autent
1117 3166 1162 3220 qe·

368 3250 420 3307 asir
432 3249 503 3303 lione
512 3263 544 3301 ea
559 3246 658 3301 Rnltab.
676 3243 744 3299 Boea
757 3257 840 3319 autent
855 3243 938 3313 petiuit
953 3240 1022 3295 tlted
1036 3257 1068 3296 ea
1084 3241 1161 3296 ilatit.

367 3341 441 3398 ,ttted
452 3349 539 3394 autent
550 3339 635 3409 petiuit
651 3336 732 3391 iesse.
748 3333 912 3389 iesseutttent
931 3333 1016 3403 gennit
1027 3331 1111 3386 David
1125 3349 1164 3386 re·

365 3452 433 3509 pat.
447 3433 507 3490 iam
527 3433 588 3487 ltine
601 3431 728 3485 attendito
740 3427 962 3499 quemadmodum
975 3442 990 3480 a
1006 3427 1086 3481 David
1101 3443 1163 3501 pcr-

368 3527 491 3582 roaiatur
505 3522 538 3578 sd
551 3521 702 3587 Christum,
717 3520 762 3590 qui
783 3519 869 3574 dictus
893 3527 934 3573 cst
948 3516 1017 3572 itlius
1030 3517 1163 3572 dltralratn

365 3616 476 3676 uilius
493 3615 585 3670 ilarid.
603 3612 684 3666 [tenid
697 3620 799 3676 autern,
812 3609 913 3679 inquit,
928 3609 1014 3679 petiuit
1042 3607 1163 3663 Salouta-

366 3725 425 3764 stent
437 3723 471 3761 ea
483 3722 514 3760 ea
527 3721 585 3776 quse
597 3704 644 3775 fait
667 3702 745 3758 noo.
767 3701 890 3756 Salomon
907 3709 989 3754 tentem
1001 3700 1086 3771 penult
1109 3697 1162 3753 iio·

367 3801 454 3856 barm
469 3798 582 3851 iiaioant
598 3804 680 3849 autent
690 3794 774 3865 perunit
786 3792 884 3845 Abiant.
896 3790 973 3844 Abies
983 3801 1065 3844 autem
1080 3791 1164 3861 gennit

365 3888 430 3945 su.
446 3890 498 3944 su
510 3895 592 3941 autern
606 3886 692 3957 pennis
703 3884 837 3953 iosaphat.
847 3881 973 3952 iosaphat
982 3893 1065 3937 nutem
1078 3884 1164 3953 petiuit

366 3978 471 4034 ierant.
485 3978 575 4032 ierant
585 3985 667 4029 atttent
687 3975 771 4044 petiuit
783 3974 881 4027 Osirim.
899 3971 975 4028 Ozias
987 3983 1069 4027 atdetn
1080 3975 1165 4043 pertrait

365 4066 502 4126 Joatitam.
520 4065 643 4120 tourtam
657 4075 739 4117 autem
759 4063 845 4134 penuit
860 4063 954 4119 debas.
979 4062 1064 4115 deitas
1082 4073 1164 4117 autem

364 4159 456 4231 genuit
479 4154 626 4213 Eseeitiam.
652 4152 775 4209 Ezechias
799 4163 884 4206 antem
909 4149 1180 4223 qenait'iianassen..

367 4248 503 4305 linteamen
514 4256 598 4300 antem
614 4246 700 4317 gennit
714 4246 806 4298 ditiora.
822 4245 903 4297 Antan
924 4253 1006 4297 autem
1020 4244 1104 4313 perntit
1115 4242 1164 4299 io·

365 4340 444 4399 sistra
456 4338 543 4392 iosias
555 4347 639 4393 autent
659 4336 743 4406 penuit
763 4335 914 4389 Jecitottiant
936 4345 957 4388 et
979 4336 1069 4404 [ratres
1090 4337 1164 4407 ejus,

364 4431 395 4486 itt
407 4429 629 4500 transmipratione
642 4425 789 4498 Babylonis.
802 4423 837 4479 Et
850 4435 905 4494 post
920 4426 1165 4496 transmigrationem

364 4519 522 4592 Bnbpianis,
539 4518 675 4573 tectonas
684 4518 768 4589 petiuit
790 4516 926 4572 saturnal.
943 4501 1070 4572 sotatttit
1080 4527 1165 4572 autent

364 4614 453 4687 'ptuit
466 4611 615 4666 Zarobabel.
630 4609 770 4664 Zarobabei
784 4619 867 4663 autem
878 4609 963 4680 pannii
974 4609 1066 4662 dbittd.
1083 4608 1166 4665 utine

364 4705 557 4776 extemporali
580 4702 717 4757 Eiiacitint.
741 4701 866 4755 Eiiacttim
888 4708 970 4755 autent
983 4701 1068 4772 penuit
1087 4704 1163 4757 riser.

365 4797 435 4853 urar
446 4806 530 4850 satem
552 4796 637 4865 penuit
652 4793 749 4849 Sardoa.
769 4792 855 4849 Setiae
867 4803 950 4848 autent
962 4793 1048 4864 penult
1063 4795 1162 4848 debirit.

365 4891 458 4946 Acirim
471 4899 556 4944 antem
570 4889 654 4959 petiuit
668 4885 758 4943 Elina.
769 4884 849 4939 Elina
857 4896 939 4939 autem
952 4887 1037 4957 pennit
1045 4886 1162 4941 Eleazar.

367 4979 477 5039 Eleazar
496 4989 580 5034 autent
600 4979 684 5049 genuit
709 4975 826 5031 biatban.
850 4976 956 5030 Mation
979 4986 1063 5030 autent
1080 4979 1164 5048 perunit

364 5069 459 5125 iacob.
482 5068 562 5123 tarot
586 5077 668 5122 tentent
691 5066 890 5138 putruitiosepit,
906 5069 987 5121 nirttnt
1009 5067 1119 5122 Mance:
1134 5069 1165 5123 de

365 5178 417 5232 qua
432 5170 506 5216 natus
518 5172 554 5215 est
565 5158 651 5220 iesus,
663 5163 705 5230 qai
721 5170 825 5213 uocatur
839 5159 963 5214 Cleristar.
980 5159 1024 5214 Sic
1036 5175 1101 5228 crgo
1116 5175 1164 5229 pcr

366 5251 490 5308 ordinem
508 5252 760 5320 successionemque
779 5259 915 5320 parentum
927 5260 953 5305 cl
966 5251 1163 5321 progenitorum

366 5342 502 5402 invenitur
515 5340 639 5397 Cltristus
653 5341 723 5396 itlius
738 5341 838 5404 David,
854 5341 923 5395 lilius
935 5339 1081 5395 Abraham.

402 5433 431 5489 8.
458 5432 636 5487 Gmerutiones
659 5431 689 5484 ab
714 5430 843 5485 Abrabam
865 5447 942 5502 nstpte
965 5431 999 5484 ad
1026 5431 1162 5486 Christum.

365 5522 415 5581 cot
437 5525 474 5580 rei
496 5522 611 5578 itdclitcr
638 5532 788 5585 enarratae,
814 5524 891 5577 istam
923 5523 1082 5577 calumniata
1108 5523 1162 5593 pri·

365 5630 439 5673 tastu
451 5622 578 5679 moreut,
589 5612 648 5684 quia
664 5614 783 5684 seqnitur
794 5614 863 5669 ldem
878 5614 1026 5676 llattlncns,
1041 5623 1069 5668 ct
1081 5613 1143 5668 dicit
1155 5632 1161 5667 ι

366 5705 462 5762 Omnes
474 5703 646 5777 generationes
658 5705 690 5759 ab
703 5704 831 5758 dirutam
846 5721 923 5772 urqtte
933 5704 967 5757 ad
980 5703 1072 5769 Ilarid,
1086 5720 1162 5774 pene-

364 5797 478 5852 rutiones
498 5795 776 5869 quatuordecimam
795 5793 876 5848 nanta
896 5811 972 5864 nsque
995 5797 1028 5847 att
1043 5796 1162 5848 transsui·

364 5887 509 5960 prationem
522 5885 675 5957 Rabylonis,
695 5885 867 5958 generationes
887 5885 1097 5954 qtttttttorrieet'ttt:
1113 5896 1162 5939 ttrt

397 5995 405 6024 ¹
418 6001 456 6050 sic
469 5998 558 6062 argius
569 5992 613 6046 lis.
625 5997 656 6049 tt
665 6006 728 6057 tor,
746 6010 817 6059 tritta.
825 5995 923 6049 utiliter.

1132 572 1246 631 scotto
1264 574 1307 631 tt.

1940 552 2009 639 ‘iris

1222 691 1441 762 transmigratione
1460 691 1595 765 Babylonis
1608 712 1686 762 meque
1702 697 1736 750 aa
1746 695 1874 753 Christum
1885 741 1892 766 ,
1903 716 2010 768 putere·

1219 780 1299 834 tiones
1309 782 1506 850 quatuordeeim.
1521 785 1621 842 Deinde
1632 787 1758 856 subiecit,
1774 797 1802 843 ut
1816 798 2010 860 narraretqua-

1219 873 1299 927 modo
1319 884 1395 928 natus
1414 883 1456 929 est
1469 875 1590 931 Cltristus
1615 877 1649 933 de
1664 878 1744 933 llaria
1765 879 1886 949 virgine,
1900 879 2010 948 subjun-

1218 975 1301 1032 gens,
1323 973 1351 1018 ct
1377 965 1469 1020 dicens
1488 965 1601 1021 :Christi
1627 977 1710 1022 autent
1734 970 1861 1040 pennatis
1883 970 1919 1024 sic
1944 969 2006 1024 eret.

1218 1053 1321 1110 Etenim
1349 1058 1441 1113 ordine
1463 1068 1600 1128 parentum
1624 1062 1788 1115 enumeravit
1806 1077 1888 1132 quare
1907 1062 2009 1117 dicatur

1217 1144 1337 1219 Christus
1351 1148 1419 1203 tilius
1435 1149 1526 1216 David,
1542 1149 1611 1205 itlius
1626 1150 1769 1206 Abraham.

1252 1235 1366 1296 CAPUT
1384 1240 1428 1295 tt.
1446 1243 1632 1310 —Quomodo
1645 1254 1733 1300 antem
1755 1253 1833 1300 natus
1856 1247 1906 1310 sit,
1927 1256 1953 1301 et
1967 1246 2007 1301 in·

1218 1334 1258 1386 ter
1269 1327 1390 1384 bomines
1413 1333 1583 1401 apparuerit,
1600 1335 1701 1388 narrari
1716 1334 1771 1404 jam
1789 1334 1888 1400 debet;
1903 1345 1931 1391 et
1942 1351 2006 1391 con·

1216 1433 1331 1490 sequens
1342 1429 1383 1474 est
1403 1421 1459 1491 ipsa
1471 1423 1604 1489 namatio,
1619 1440 1665 1492 per
1679 1440 1757 1494 quam
1771 1424 1903 1480 credimus
1912 1426 2005 1480 Domi-

1216 1525 1279 1564 num
1293 1521 1411 1566 nostrum
1430 1511 1520 1567 iesum
1534 1514 1667 1569 Christum
1682 1530 1733 1568 troo
1756 1516 1840 1571 solnm
1863 1525 1954 1571 natum
1974 1515 2007 1570 de

1216 1598 1272 1655 Deo
1286 1602 1462 1672 sempiterno,
1476 1613 1636 1659 conternata
1649 1605 1673 1660 ei
1686 1607 1729 1676 qni
1742 1607 1834 1677 genuit
1843 1617 1905 1663 aute
1917 1608 2006 1662 onrrtia

1216 1697 1346 1758 tempora,
1361 1701 1421 1746 ante
1434 1708 1540 1749 onmem
1550 1703 1707 1761 creaturam,
1720 1711 1768 1765 per
1779 1712 1856 1767 quern
1867 1696 1934 1752 iacta
1944 1707 2007 1753 snut

1215 1779 1303 1833 otnnia
1316 1797 1323 1845 ;
1338 1780 1384 1836 sed
1395 1783 1536 1851 etiarnJ'am
1549 1794 1639 1839 natura
1654 1784 1687 1841 de
1697 1786 1796 1856 Spiritu
1806 1794 1898 1843 sancto
1911 1802 1942 1842 er
1955 1787 2005 1841 rir-

1214 1869 1275 1940 gine
1287 1871 1384 1938 ilario,
1400 1875 1470 1943 quod
1495 1876 1594 1946 puriter
1612 1877 1779 1934 conlltcmur.
1796 1878 2005 1935 licminiscitnini

1214 1960 1285 2014 enirn
1308 1970 1334 2016 et
1361 1965 1445 2018 nostis
1467 1965 1630 2035 (Catholicis
1648 1968 1745 2038 quippe
1766 1969 1861 2039 loquor
1881 1968 2006 2024 iratribus

1214 2049 1296 2114 meisi
1311 2051 1378 2108 itanc
1392 2069 1451 2108 csse
1465 2055 1542 2110 tidem
1564 2066 1681 2112 nostram
1693 2101 1701 2122 ,
1715 2058 1767 2114 ltoc
1786 2075 1834 2114 nas
1848 2059 1964 2130 profiteri
1980 2072 2006 2115 et

1213 2142 1344 2197 conlltcri.
1362 2143 1413 2198 Pro
1433 2146 1481 2200 ista
1496 2147 1547 2202 lide
1562 2147 1700 2204 interiecta
1724 2158 1787 2206 sunt
1804 2150 1886 2206 millia
1903 2161 2005 2223 marty-

1214 2249 1284 2301 rum,
1299 2244 1354 2291 toto
1366 2238 1430 2292 orlte
1441 2247 1581 2295 terrarum.

1250 2326 1277 2382 9.
1306 2327 1440 2400 Correptio
1458 2329 1551 2385 Cirristi
1584 2333 1616 2386 de
1648 2333 1748 2403 Spiritu
1771 2343 1869 2388 saneto.
1901 2334 2005 2389 institia

1213 2414 1309 2483 insepti
1331 2419 1446 2486 sirreera,
1469 2437 1519 2473 aon
1544 2438 1619 2477 sana.
1647 2423 1703 2478 lloc
1719 2424 1790 2478 enim
1821 2425 1891 2494 quod
1917 2427 2005 2494 seqni-

1215 2515 1257 2561 tnr
1272 2507 1362 2561 solunt
1376 2508 1412 2562 illi
1425 2509 1523 2574 ridere,
1532 2513 1577 2581 qui
1588 2512 1765 2568 tolnntitdcm
1777 2513 1906 2592 derogare
1919 2514 2005 2570 Libris

1214 2598 1372 2668 evangelicis
1384 2616 1390 2652 :
1405 2608 1435 2654 ut
1444 2616 1493 2655 ttos
1505 2602 1586 2658 veluti
1597 2603 1738 2659 ostendant
1751 2614 1849 2659 temere
1861 2604 2006 2660 credidisse

1213 2689 1283 2759 quod
1305 2691 1419 2746 dicitur:
1434 2692 1573 2749 comesset
1592 2696 1743 2768 desponsata
1762 2707 1841 2753 muter
1852 2699 1908 2769 aas
1921 2697 2006 2753 diaria

1213 2780 1323 2854 inrepit,
1337 2794 1470 2857 antequam
1488 2789 1661 2855 conontirent,
1674 2790 1774 2845 inuenta
1783 2799 1819 2844 est
1830 2792 1859 2843 in
1873 2799 1943 2844 utera
1957 2791 2006 2843 lta·

1214 2872 1272 2929 bens
1282 2876 1314 2930 de
1327 2875 1427 2948 δρίιίιιι
1439 2890 1536 2933 sancto.
1547 2878 1644 2951 ioseptt
1656 2891 1740 2935 autent
1757 2882 1794 2935 air
1811 2883 1932 2954 ejuseum
1942 2895 2006 2938 esset

1210 2967 1315 3036 jutus,
1332 2975 1357 3022 et
1369 2969 1445 3023 noltet
1457 2985 1512 3023 eam
1530 2970 1675 3036 traducere,
1692 2971 1769 3025 otton
1790 2988 1844 3041 eam
1863 2973 2006 3026 oecnttedi·

1214 3056 1319 3111 ntittere.
1331 3057 1397 3126 Quia
1410 3059 1480 3113 euim
1496 3058 1528 3114 de
1550 3075 1578 3114 se
1591 3060 1726 3131 grauidam
1751 3076 1804 3116 non
1815 3076 1874 3116 esse
1886 3062 2005 3126 sciebat,

1213 3145 1268 3215 jam
1282 3147 1354 3203 velut
1374 3158 1568 3219 consequenter
1580 3151 1727 3207 adulteram
1746 3152 1922 3207 existimabat.
1941 3151 2006 3208 Cum

1214 3248 1279 3292 esset
1296 3239 1397 3311 justas,
1412 3240 1479 3296 sicut
1500 3241 1637 3312 Scriptura
1652 3243 1735 3310 dicit,
1748 3254 1771 3298 et
1796 3245 1872 3300 nollet
1885 3261 1940 3299 eant
1953 3256 2006 3299 tra-

1215 3327 1315 3396 ducere,
1330 3330 1356 3385 id
1369 3339 1409 3386 est
1422 3330 1568 3402 divulgare,
1583 3348 1643 3387 narn
1655 3334 1705 3390 ltoc
1717 3336 1797 3390 etiarn
1812 3335 1888 3390 tunlti
1901 3336 2006 3392 codices

1216 3418 1334 3487 babent;
1348 3423 1425 3476 naluit
1435 3440 1491 3477 eam
1505 3425 1601 3480 oceane
1610 3424 1742 3480 dintittere.
1756 3427 1890 3484 Turbatur
1900 3428 2006 3499 quidem

1216 3513 1343 3581 maritus,
1357 3513 1404 3569 sed
1428 3530 1480 3570 non
1506 3516 1689 3587 sacritjustns.
1706 3518 1790 3572 Tanta
1812 3519 1883 3574 enirn
1906 3519 2006 3588 justitiet

1217 3603 1341 3660 tribuitur
1356 3605 1417 3661 truie
1431 3608 1501 3672 tiro,
1517 3618 1544 3661 ut
1556 3623 1607 3663 nec
1627 3610 1707 3666 tollet
1728 3610 1827 3667 trabere
1839 3612 1984 3666 aduiteram
1999 3654 2006 3673 ,

1216 3709 1266 3750 trec
1278 3695 1389 3750 auderet
1410 3698 1503 3767 punire
1514 3699 1654 3769 uulgatum.
1676 3700 1762 3757 l'alnit
1777 3720 1840 3766 eam,
1852 3703 1936 3772 inquit
1947 3743 1955 3767 ,
1966 3718 2008 3755 oc-

1216 3787 1283 3840 culte
1307 3785 1432 3841 dimittere
1446 3805 1456 3844 .·
1470 3789 1532 3859 quia
1556 3807 1609 3847 non
1622 3794 1708 3848 solunt
1722 3795 1886 3865 componire
1908 3794 2007 3860 nolitit,

1216 3875 1264 3929 sed
1289 3891 1339 3930 nec
1360 3877 1483 3946 prodere.
1506 3881 1781 3940 dttettditesinceram
1797 3885 1936 3956 justitiam.
1951 3884 2008 3943 Non

1217 3965 1288 4022 enim
1304 3977 1443 4037 propterea
1457 3986 1567 4041 parcere
1582 3974 1686 4029 nolebat
1696 4016 1703 4039 ,
1715 3975 1786 4044 qnod
1806 3975 2008 4047 liaberecupie·

1217 4058 1271 4114 bat.
1285 4058 1359 4114 blnlti
1371 4063 1442 4116 enirn
1458 4079 1549 4120 amore
1563 4066 1662 4121 carnali
1675 4067 1803 4123 adulteris
1813 4070 1938 4125 uxoribus
1947 4085 2009 4140 par-

1216 4161 1300 4219 cunt,
1315 4154 1436 4212 solentes
1459 4172 1505 4212 eas
1526 4167 1553 4212 et
1573 4157 1706 4213 adulteras
1719 4159 1831 4223 babere,
1854 4170 1884 4215 ut
1901 4161 1940 4216 eis
1962 4176 2008 4230 per

1217 4243 1350 4299 carnalem
1362 4248 1602 4316 concupiscentiam
1617 4249 1794 4316 pertruantur.
1809 4249 1858 4305 llic
1870 4258 1958 4304 autern
1969 4251 2008 4305 vir

1215 4335 1303 4403 justus
1314 4336 1410 4390 balrerc
1425 4352 1483 4392 eam
1499 4353 1553 4392 nou
1574 4339 1629 4392 rnlt
1642 4354 1722 4410 :ergo
1740 4356 1793 4395 nan
1812 4342 1953 4396 carnaliter
1965 4341 2007 4396 di-

1217 4427 1284 4498 ligit.
1308 4429 1341 4482 Et
1353 4437 1442 4482 tamen
1462 4430 1555 4498 punire
1563 4446 1615 4484 non
1630 4431 1704 4485 uult:
1720 4446 1784 4501 crgo
1801 4432 2008 4488 misericorditer

1217 4519 1312 4589 parcit.
1328 4517 1419 4587 Qualis
1441 4519 1483 4573 bic
1494 4522 1581 4588 iustus
1599 4522 1660 4575 est?
1673 4521 1727 4576 Nec
1747 4531 1819 4576 tenet
1840 4521 2007 4590 adulterant,

1217 4627 1267 4666 nec
1276 4620 1414 4680 propterea
1422 4626 1530 4679 parcere
1538 4610 1694 4682 ridctnrln),
1701 4613 1762 4682 quia
1773 4611 2006 4683 libidinosedilige·

1217 4711 1258 4757 ret
1275 4720 1281 4754 :
1298 4710 1325 4755 et
1337 4710 1423 4756 tarncn
1447 4716 1497 4756 ncc
1522 4702 1613 4771 punit,
1629 4718 1678 4757 nec
1699 4703 1796 4772 prodit.
1812 4702 1906 4757 llerito
1930 4703 2008 4773 plane

1218 4793 1295 4848 testis
1303 4794 1402 4848 electus
1420 4803 1460 4848 cst
1473 4794 1629 4864 virginitatis
1645 4795 1745 4850 uxoris.
1755 4795 1804 4864 Qui
1815 4812 1878 4866 crgo
1894 4796 2007 4852 bumana

1216 4886 1369 4941 initrnntate
1379 4885 1541 4953 turbabatur,
1552 4887 1639 4941 divina
1654 4889 1809 4942 auctoritate
1824 4889 1943 4943 tinrtatus
1954 4901 2007 4947 εει.

1251 4974 1363 5031 CAPUT
1383 4973 1439 5029 Vll.
1465 5006 1500 5017 —
1521 4978 1562 5031 iit.
1588 4976 1766 5046 interpretatio
1797 4980 1906 5033 nantinis
1934 4980 2007 5033 iesu.

1216 5065 1341 5136 Sequitur
1358 5066 1447 5131 enim,
1463 5077 1490 5121 et
1510 5067 1574 5120 dicit
1599 5066 1767 5136 Evangelista
1783 5086 1789 5123 :
1804 5067 1865 5122 iltee
1883 5086 1912 5122 ro
1936 5072 2020 5139 copi·-

1216 5167 1297 5222 tartte,
1323 5174 1378 5210 ecce
1395 5158 1499 5226 urrpeins
1516 5157 1618 5210 Domini
1637 5160 1663 5211 in
1678 5161 1771 5212 semitis
1790 5160 1911 5229 apparuit
1930 5162 1951 5213 ei
1970 5157 2019 5212 ‹ti-⁴

1216 5265 1273 5303 ceris
1284 5264 1294 5302 .·
1306 5247 1418 5315 inrepit,
1434 5247 1486 5300 atati
1509 5248 1596 5300 tirnere
1616 5248 1729 5316 accipere
1751 5247 1859 5300 diarium
1877 5250 2007 5319 cotrinprm

1216 5350 1295 5393 luant.
1311 5338 1385 5403 Quod
1397 5340 1463 5390 enirn
1477 5337 1502 5390 in
1523 5353 1552 5390 ea
1577 5347 1664 5390 tratum
1682 5348 1733 5403 est,
1755 5338 1786 5392 de
1800 5338 1899 5409 Spiritu
1922 5351 2007 5393 snrteto

1215 5440 1261 5486 est.
1278 5429 1364 5482 Pariet
1376 5438 1460 5481 autent
1473 5427 1572 5496 piiunt,
1589 5438 1613 5481 et
1626 5429 1722 5482 noettbis
1739 5445 1828 5484 aionien
1844 5432 1898 5501 rjus
1909 5429 2006 5486 iesum.

1215 5519 1302 5587 Quare
1318 5517 1429 5572 tumne
1442 5515 1504 5588 ipse
1516 5518 1599 5585 enirn,
1612 5518 1712 5589 inquit,
1726 5520 1823 5574 saluum
1843 5521 1916 5592 saciet
1927 5539 2008 5592 popu·

1215 5612 1268 5665 tum
1280 5628 1353 5665 sunm
1368 5613 1503 5681 apeccatis
1521 5628 1607 5667 earunt
1623 5611 1734 5684 (blattis.
1749 5629 1774 5679 t,
1791 5613 1854 5668 t-sl
1864 5615 1884 5681 l.
1908 5614 2008 5671 intelli·

1213 5703 1285 5772 gitur
1294 5717 1358 5773 ergo
1375 5703 1465 5758 iesum
1486 5702 1592 5758 ltebraea
1613 5704 1699 5773 lingua
1713 5744 1720 5766 ,
1735 5703 1815 5759 latitte
1839 5704 2009 5776 interpretari

1213 5794 1389 5858 Satrnoreor,
1403 5794 1473 5863 equod
1497 5795 1606 5862 etipsa
1633 5795 1746 5848 nominis
1774 5798 1940 5866 exptsitione
1959 5798 2008 5856 au·
2039 5788 2042 5793 ¹

1214 5884 1351 5938 restitans.
1371 5883 1506 5952 Tanquam
1524 5885 1595 5938 enirn
1612 5895 1791 5955 qurererctur,
1802 5902 1883 5959 quate
1897 5888 2008 5946 iesnnti
2093 5958 2101 5971 ·

1247 5997 1283 6060 (ιι)
1294 6003 1371 6056 tarto,
1382 6009 1461 6046 ηοω..
1471 5995 1598 6048 nictentur.
