4759 6684
382 626 440 684 aas

388 758 543 817 ceantoprra
553 754 632 799 restra
641 758 724 797 coram
737 740 894 802 lrouriuiims5
905 739 960 809 ipse
970 739 1034 794 dixit
1046 740 1071 795 in
1082 737 1176 796 endem

321 829 328 841 ⁸
388 852 522 903 sermone,
535 833 621 889 Nolite
630 833 713 906 {neem
719 834 846 907 justitiam
857 844 962 887 restra-m
972 848 1056 887 caram
1070 828 1178 887 leontini-

380 916 443 984 ·irrs.
459 926 511 984 Sed
526 928 595 982 sicut
609 927 635 980 in
648 924 776 995 apostolo
786 925 836 980 ista
849 923 894 979 tiiri
906 923 1037 978 contraria
1051 921 1177 978 rideban-

388 1019 551 1084 tur,·sic·et
574 1018 600 1075 iu
614 1017 776 1089 ‘ttnngeua
797 1016 827 1073 Si
849 1025 937 1072 autern
961 1032 1013 1070 riou
1038 1015 1176 1087 perturbes

386 1126 482 1183 spatam
497 1109 586 1166 cordis
599 1110 653 1177 tui,
667 1109 750 1165 etitic
763 1124 891 1180 agnosces
913 1123 1002 1178 pacem
1023 1109 1175 1179 Scriptura·

378 1216 463 1265 rmn,
483 1209 510 1255 et
531 1199 643 1256 iubebis
661 1214 721 1255 cam
741 1199 781 1254 eis
792 1208 819 1253 et
834 1207 862 1253 ιιι
877 1212 979 1270 pacem.
999 1198 1027 1255 Si
1043 1206 1131 1253 antem
1147 1205 1174 1252 tu

385 1307 446 1346 errru
459 1291 499 1347 eis
514 1291 612 1347 irabcrc
635 1289 754 1345 antaeus
775 1303 885 1360 pacem,
908 1296 935 1342 tn
951 1288 977 1343 iu
990 1297 1017 1345 te.
1030 1288 1175 1345 cornmittis

386 1383 457 1438 litem
478 1391 563 1446 tuate,
591 1382 644 1436 illae
668 1395 720 1435 tion
741 1380 863 1434 amittent
881 1393 972 1450 paoem
992 1393 1078 1433 suam.
1106 1377 1174 1433 Pro·

377 1487 444 1546 'pter
467 1477 526 1532 ilius
540 1475 611 1531 cuim
636 1473 681 1544 qtti
696 1488 725 1528 se
739 1471 1025 1547 lrptuiuiiutsjactaudo
1036 1485 1173 1527 commcn-

385 1567 449 1622 dam
464 1567 484 1633 ⁴,
511 1573 539 1620 et
564 1565 599 1620 ita
623 1564 752 1621 ventilant
775 1563 843 1619 laona
861 1577 942 1631 opera
968 1577 1028 1628 sua,
1042 1570 1069 1616 ut
1093 1560 1173 1617 duem

384 1656 515 1710 bernerum
539 1669 651 1724 operum
675 1668 785 1709 suoram
809 1652 837 1707 in
862 1651 940 1707 laude
969 1651 1104 1706 ironrimrm
1123 1664 1172 1720 po·

374 1754 471 1810 matti,
496 1744 672 1815 eamdemque
708 1742 814 1798 laudem
848 1741 983 1797 ltotuiuunr
1016 1740 1091 1812 quasi
1124 1752 1174 1811 pro

376 1836 507 1893 mterccdc
529 1845 683 1906 computent
704 1835 834 1893 bononem
858 1850 968 1905 operum
991 1848 1117 1898 smumn3
1139 1831 1173 1888 da

375 1931 425 1986 itis
438 1928 544 1992 dicimr,
563 1928 643 1983 Amen
667 1928 724 1982 dico
744 1927 829 1990 robis,
850 1935 1011 1996 perceperautt
1035 1924 1172 1979 mercedem

381 2035 464 2075 mam.
478 2017 576 2074 Contra
593 2031 639 2071 eos
653 2015 761 2078 dicitur,
775 2015 864 2070 Cavete
871 2016 999 2086 justitiam
1012 2025 1121 2070 uestram
1132 2019 1173 2087 [a-

381 2124 437 2163 rere
447 2123 531 2161 coram
546 2105 697 2160 lrautiuilms.
713 2104 828 2159 Proinde
842 2105 972 2174 sequitur,
990 2103 1024 2160 tu
1038 2104 1171 2159 rideamini

382 2202 414 2256 ab
426 2202 462 2256 st's
476 2199 583 2274 (llattlr.
594 2215 633 2268 rt,
649 2200 676 2268 l,
687 2197 729 2271 9).
744 2199 819 2269 Ultra
841 2215 895 2254 uon
912 2200 1031 2270 porterit
1045 2199 1171 2254 intentiu-

378 2309 459 2361 ncm,
472 2293 516 2350 iric
535 2291 598 2349 lecit
613 2292 703 2348 linem.
723 2290 811 2347 Nolito
826 2290 864 2346 sic
879 2289 967 2346 lacem
980 2306 1070 2346 coram
1085 2290 1171 2346 homi·

374 2387 477 2452 uibus,
491 2384 618 2456 quidquid
631 2383 810 2448 bonilaeitis,
827 2392 854 2438 ιιι
870 2381 1009 2436 rideamini
1023 2382 1057 2436 air
1069 2381 1126 2443 eis,
1142 2389 1171 2437 ιιι

379 2478 437 2550 ipsc
451 2479 486 2532 sit
501 2477 560 2532 linis
574 2476 662 2546 operis
678 2474 777 2540 uestri,
791 2474 874 2528 rideri
888 2474 922 2528 ab
935 2474 985 2528 eis.
1005 2473 1093 2529 Nolite
1106 2488 1170 2540 creo

376 2571 435 2638 sic,
450 2579 478 2624 ιιι
497 2567 638 2624 rideamini
660 2569 694 2623 ab
713 2566 835 2621 eis.·liac
852 2577 941 2620 antem
955 2568 965 2598 ¹
982 2582 1034 2620 nnn
1048 2565 1082 2620 itti
1097 2566 1169 2636 ponit

375 2664 470 2727 tinem,
487 2669 516 2715 ut
529 2659 667 2714 uideamur
680 2659 714 2711 alr
726 2657 887 2723 haminibus,
903 2672 992 2712 coram
1007 2658 1102 2728 quilius
1112 2657 1170 2714 tait

373 2768 439 2809 esso
453 2752 521 2806 bona
541 2750 609 2806 laeta
625 2759 734 2806 nostra:
749 2748 796 2804 sed
811 2748 857 2814 ait,
873 2747 985 2803 luceant
1000 2764 1076 2817 opera
1088 2755 1168 2803 restra

378 2862 464 2902 ceram
479 2843 637 2911 dominibus,
650 2850 678 2896 at
699 2842 799 2895 sirleaut
821 2843 886 2896 iona
907 2856 985 2909 optem
1005 2850 1096 2895 vestm.
1109 2839 1168 2896 Non

375 2936 488 3006 quierit,
505 2949 590 3005 ireque
604 2935 647 2989 iric
661 2934 788 2989 remansit
803 2951 810 2986 ε
826 2932 874 2988 sed
888 2931 965 2986 tinuit
979 2932 1041 2986 ltine
1060 2940 1087 2987 te
1107 2946 1168 2987 sur·

375 3042 436 3083 sum
449 3027 470 3094 2,
483 3035 510 3081 ct
525 3026 582 3080 tulit
595 3034 620 3079 te
634 3038 649 3078 a
665 3034 691 3078 ιε
705 3023 827 3093 (caderes
841 3022 926 3087 errim,
942 3021 965 3076 si
977 3035 1051 3077 esses
1070 3022 1096 3076 in
1116 3019 1165 3094 tei.

374 3129 404 3176 et
416 3119 459 3173 ubi
475 3126 547 3172 tutus
567 3131 658 3182 esses,
683 3117 770 3185 posuit
792 3124 827 3169 te.
842 3114 972 3180 ¹i'icleaut,
988 3114 1087 3185 itiquit,
1101 3113 1167 3168 lona

376 3227 453 3281 opera
466 3218 561 3272 aestro,
573 3219 597 3262 et
610 3208 751 3276 glorificent
768 3204 869 3259 Patrem
883 3214 991 3260 uestram
1000 3206 1044 3273 pai
1058 3204 1085 3259 iu
1097 3204 1166 3260 coelis

377 3311 424 3355 est.
439 3299 498 3356 Noli
509 3299 597 3359 irasci,
610 3298 671 3368 qrria
683 3297 727 3353 iiic
739 3296 916 3364 glorificatur:
926 3296 997 3366 apud
1012 3295 1085 3350 iliam
1095 3304 1164 3361 cato,

373 3401 402 3448 et
414 3395 440 3449 iu
454 3393 499 3448 illo
512 3390 709 3463 glorificaberis.
722 3388 745 3445 ll
747 3400 756 3443 t
766 3406 815 3444 uon
825 3389 956 3460 plorietar,
965 3390 1002 3443 ait
1012 3389 1164 3459 Apostolus,

379 3485 459 3540 amuis
468 3499 620 3538 carucatam
632 3483 685 3537 illo.
699 3482 768 3551 Ergo
781 3481 838 3535 sinc
852 3480 935 3550 gioria
949 3479 1164 3535 remanebimus?

371 3575 433 3631 Nou
448 3592 456 3629 ε
469 3574 507 3628 ait
517 3574 587 3630 enim
601 3573 667 3640 ipse,
683 3571 732 3636 Qui
742 3570 874 3640 ploriatur,
886 3570 912 3624 iu
922 3568 1032 3623 Douriao
1043 3570 1164 3640 plorietut

373 3668 384 3737 i
397 3665 408 3723 l
422 3665 482 3723 Car.
496 3682 519 3731 ι,
532 3666 584 3729 29,
602 3665 660 3734 51).
675 3663 741 3719 Nam
753 3671 780 3717 ct
794 3652 973 3718 testimouium
993 3663 1163 3719 cottseientiae

370 3772 473 3817 nostrae
487 3759 521 3814 ita
535 3758 613 3814 nobis
626 3755 638 3789 ⁶
652 3757 735 3828 gloria
750 3765 808 3822 εει,
822 3757 883 3826 utria
898 3756 925 3811 in
939 3756 985 3811 ilio
996 3765 1046 3812 est.
1062 3756 1127 3813 Natu
1139 3758 1162 3813 si

373 3853 409 3904 lta
422 3859 463 3906 cst
475 3849 558 3920 gioria
569 3857 671 3914 nostra,
683 3855 711 3902 ιιι
725 3847 800 3902 canitis
811 3847 970 3916 placeamus,
979 3854 1006 3902 ct
1017 3847 1164 3902 eliciamus·

374 3944 509 4009 placentes
523 3940 616 4005 nobis;
633 3938 709 3993 valdo
720 3938 800 3993 stulto
815 3937 915 3992 tietuini
931 3939 1033 4008 placet,
1047 3939 1091 4009 qui
1110 3938 1162 3995 silai

375 4031 473 4101 plaecl.

409 4121 451 4176 il.
466 4119 545 4175 Boura
563 4119 756 4175 couamsatiouis
777 4135 848 4174 cara.
872 4117 1002 4176 Curcmns
1021 4120 1163 4192 seposita-

371 4220 444 4278 tres,
456 4226 508 4266 non
524 4219 626 4265 tantum
642 4210 711 4265 benc
725 4208 832 4276 rivere,
847 4208 988 4266 sedetiam
1003 4225 1093 4266 coram
1109 4212 1160 4267 iro·

372 4303 488 4357 minibus
500 4302 568 4357 irene
580 4301 734 4357 conuersari
746 4318 754 4368 ;
769 4316 818 4358 noe
830 4309 932 4357 tantmn
951 4302 1048 4358 haltere
1062 4303 1160 4359 ironam

370 4394 577 4457 conscientiam,
592 4392 639 4448 sod
651 4403 778 4463 qttaruum
792 4402 879 4463 potest
899 4402 989 4449 nostra
1003 4394 1157 4458 infirmitas,

369 4497 497 4557 priamum
509 4485 642 4557 vigilantia
653 4484 801 4554 tragilitatis
811 4485 945 4551 lrutnanae,
958 4501 1083 4543 curemus
1094 4486 1159 4542 nilrii

369 4579 449 4632 ctiam
465 4575 553 4632 lacero
565 4574 637 4646 qtrod
647 4575 734 4630 teniat
746 4576 772 4630 in
788 4576 883 4630 malam
896 4578 1072 4647 suspicionem
1086 4578 1160 4634 inir-

370 4681 415 4723 mo
426 4666 503 4722 lustri
515 4682 522 4718 t
535 4681 568 4721 ne
582 4663 650 4719 lorte
662 4679 743 4735 puras
755 4665 851 4720 lterbas
863 4667 1024 4735 mandendo,
1039 4679 1067 4724 et
1079 4684 1159 4739 puras

371 4770 453 4826 aquas
473 4753 589 4810 bibenda
608 4753 796 4810 coamleemus
814 4769 910 4824 pasena
924 4756 970 4812 lici
980 4796 987 4821 ,
999 4767 1026 4813 ει
1039 4772 1103 4815 rives
1115 4760 1158 4815 in·

371 4847 456 4899 tinum
470 4845 654 4900 canctrleatum
667 4842 842 4912 amedaeum,
858 4852 886 4900 et
904 4845 1036 4901 turbatum
1057 4848 1157 4904 bibant.

371 4942 405 4997 ilt
415 4954 454 4994 rac
466 4939 487 5007 ⁵,
500 4947 608 5009 propter
622 4936 700 4993 istum
713 4936 758 5007 qui
768 4936 841 5003 dicit,
853 4935 910 5011 Epo
917 4938 1006 5008 indico
1015 4939 1078 4995 inter
1087 4956 1158 4997 orem

369 5041 392 5086 rt
405 5028 487 5086 ocem.

402 5121 516 5179 caeut
530 5118 610 5177 X.—
620 5119 663 5176 ta.
675 5119 741 5176 lires
751 5126 775 5175 et
788 5120 870 5176 aecor
887 5137 954 5177 nanc
971 5123 1160 5179 discernerere·

367 5213 417 5268 litis
428 5210 475 5269 tta
482 5216 567 5267 εει-’-
576 5209 629 5266 Pro
636 5210 691 5266 istis
698 5210 752 5266 trac
760 5211 820 5265 dicit
830 5209 954 5267 domines
969 5209 1036 5268 Deus
1048 5214 1082 5266 ad
1094 5230 1135 5268 ros
1147 5229 1157 5268 .·
1169 5276 1174 5283 ‚

368 5306 435 5362 Ecce
447 5322 493 5379 epa
498 5307 589 5379 judico
602 5307 667 5362 iuter
678 5321 748 5362 meat
762 5306 862 5374 tartara,
875 5314 899 5359 et
920 5306 1066 5361 irruerem
1079 5305 1157 5361 imis·

367 5400 463 5454 rillam.
477 5398 554 5454 Aliud
568 5396 666 5465 alirpdd
681 5395 761 5451 dicat.
775 5394 834 5451 lant
850 5394 997 5451 audirimus
1011 5396 1045 5451 de
1057 5396 1101 5451 itis
1111 5397 1155 5468 orti

366 5492 525 5548 cononicam
548 5487 660 5552 nemas,
679 5496 706 5541 et
728 5485 884 5556 perturbant
904 5501 985 5557 auitas
997 5505 1004 5540 ε
1016 5488 1155 5543 audiamus

367 5581 438 5639 aliud
451 5566 536 5653 geone
546 5577 624 5643 maii,
640 5583 669 5632 ει
687 5589 811 5646 magnum
827 5590 910 5646 genas
925 5577 997 5631 maii.
1012 5576 1106 5633 l‘ustca
1120 5578 1155 5634 dc

396 5729 405 5759 ¹
418 5724 532 5776 etormet
539 5725 700 5788 atterimus,
711 5731 736 5771 se
747 5717 879 5771 tmeuua
889 5718 991 5783 iactam,
1002 5727 1025 5771 et
1040 5718 1074 5772 ita
1085 5721 1155 5794 penti

364 5785 413 5879 ima
421 5796 504 5848 opera,
513 5792 620 5895 etcfflrtr'
626 5782 856 5893 aeht‘ecmffi'atlstis
863 5782 953 5844 ιειιιιε,
961 5790 984 5833 et
993 5782 1025 5834 ita
1035 5783 1153 5835 rausimrt.

392 5853 454 5953 ’.1εὲ
460 5854 552 5973 ξιίᾜηιλει
558 5914 584 5955 ει
594 5877 686 5968 silenos
694 5911 749 5953 ttss.
758 5877 817 5954 aditi
832 5916 901 5966 tero,
915 5919 1019 5958 uersam.

378 5964 470 6030 ‘ctum
482 5963 598 6027 usae.
610 5964 839 6029 stemmatum,
850 5963 968 6021 damus.

496 6158 505 6185 d

1004 626 1032 681 S.
1055 620 1237 683 tttcdsttxt
1258 625 1407 685 El‘lSCOi‘l

1968 638 2022 696 aut

1232 741 1312 799 ltircis
1327 747 1427 802 trullam
1444 750 1504 804 tacit
1519 749 1678 805 tueutinnent
1698 767 1704 802 :
1725 749 1806 804 semri
1820 751 1880 807 ilius
1894 754 2017 808 narnias-

1229 832 1276 895 nit,
1293 845 1319 889 ιιι
1333 837 1462 895 sciremus
1477 855 1547 896 csse.
1561 840 1619 910 ipsc
1632 840 1701 895 enim
1715 839 1775 896 illos
1787 841 1854 897 benc
1868 844 1951 898 norit.
1966 843 2019 899 Pn-

1228 931 1283 979 stca
1305 926 1344 981 sic
1363 927 1486 1000 lnqmtur,
1510 939 1633 1001 tanquam
1653 945 1747 986 amites
1764 945 1828 987 ores
1846 931 1910 987 siut.
1926 932 2019 991 Primo

1228 1015 1361 1083 prrorrmdo
1376 1018 1432 1088 ipse
1447 1020 1531 1084 ridet,
1547 1031 1637 1092 postca
1649 1036 1714 1076 vcro
1729 1037 1765 1093 aa
1777 1023 1864 1077 torosio
1877 1039 1926 1079 ιιιιε
1944 1026 2019 1083 rida-

1229 1118 1303 1173 nms,
1320 1107 1425 1164 locatas
1436 1120 1486 1166 cst.
1502 1112 1572 1168 ilirci
1585 1113 1655 1168 etaim
1675 1114 1735 1182 qaia
1757 1114 1863 1182 insunt,
1876 1117 1975 1188 ειᾳιίιι
1991 1118 2019 1175 is

1228 1194 1280 1252 linc
1292 1201 1495 1271 separabuntur,
1507 1213 1598 1260 anuum
1611 1206 1644 1259 sit
1653 1207 1747 1261 oriims
1759 1208 1768 1239 ¹
1781 1224 1788 1262 ε
1801 1210 1879 1264 niodo
1892 1220 2018 1283 usmitan

1228 1284 1384 1344 interorem
1400 1300 1517 1349 ctorem
1532 1296 1665 1351 discerno.
1686 1295 1744 1350 Nun
1765 1301 1816 1353 seit
1837 1299 1887 1354 trini
1911 1300 2018 1369 pnes-

1227 1378 1371 1434 stiuatinue
1385 1384 1395 1416 ⁸
1410 1394 1435 1438 et
1451 1387 1615 1456 praescientia
1629 1402 1693 1443 oues
1705 1398 1733 1444 et
1746 1388 1851 1453 ltircos,
1867 1392 1912 1448 ilie
1923 1394 2017 1464 satas,

1226 1470 1271 1540 qai
1288 1476 1477 1543 predestinarc
1487 1481 1649 1550 nocumenta
1661 1482 1793 1550 prescire.
1809 1484 1887 1541 uiuo
1898 1485 1944 1559 qai
1954 1502 2016 1545 ont·

1227 1574 1275 1615 tes
1297 1563 1348 1617 suit
1369 1566 1443 1635 siguo
1455 1568 1465 1600 ⁸
1478 1569 1576 1625 chrisa
1597 1580 1676 1637 smu,
1698 1579 1831 1630 etampes
1851 1575 1885 1631 sd
1903 1580 2017 1647 gratian

1226 1649 1276 1706 oet
1297 1655 1445 1724 usandum,
1458 1673 1534 1715 orent
1549 1671 1575 1717 tc
1587 1671 1682 1731 putas,
1702 1662 1804 1719 hircum
1818 1674 1845 1721 tc
1858 1667 1927 1724 iuria
1946 1668 2018 1727 Daras

1226 1747 1298 1799 norit
1308 1764 1314 1799 ι
1324 1748 1369 1802 εει]
1382 1753 1572 1822 tanqttamoris
1585 1753 1647 1809 audi
1659 1753 1730 1826 qaod
1740 1756 1825 1823 audis,
1834 1756 1900 1814 Ecce
1910 1776 1957 1834 spo
1964 1762 2016 1836 js·

1225 1836 1282 1892 dico
1295 1838 1360 1894 iuter
1370 1858 1439 1896 orem
1454 1847 1555 1915 portent,
1568 1854 1591 1900 et
1605 1845 1669 1900 iuter
1682 1863 1752 1901 ouem
1763 1848 1925 1906 iurlccillaus.

1261 1928 1304 1984 id.
1333 1930 1484 1988 Sclrisruatir
1506 1934 1697 1992 Donatistarum
1719 1949 1834 1996 auctores
1853 1942 1964 2010 manli.
1977 1974 2013 1989 -

1226 2018 1351 2086 Quoniam
1371 2025 1491 2081 lateribus
1513 2038 1537 2082 et
1556 2029 1667 2085 Ιιιιηιιιὶι
1685 2035 1771 2089 uestris
1790 2034 1972 2106 impellebatis,
1990 2046 2016 2093 st

1223 2110 1338 2166 cornibus
1356 2116 1442 2168 uestris
1461 2120 1650 2187 percutiebatis,
1665 2131 1689 2176 ct
1709 2139 1782 2178 onam
1798 2125 1866 2196 qaod
1882 2126 2015 2197 deficiebat

1223 2203 1431 2271 comprimebatis,
1443 2209 1605 2278 quoadusque
1614 2211 1790 2285 disperperetis
1802 2232 1844 2270 eos
1857 2221 1936 2288 laras.
1947 2217 2014 2286 Quis

1223 2288 1276 2345 ltoc
1295 2307 1348 2346 uon
1369 2294 1518 2367 intelligat?
1531 2300 1591 2369 orris
1605 2316 1657 2356 non
1672 2304 1862 2361 eaitorrcscatl
1884 2306 1912 2363 Si
1931 2308 2015 2367 miliat

1223 2394 1287 2435 ores
1303 2381 1367 2437 loris
1381 2394 1459 2451 suat,
1484 2397 1598 2443 nonest
1621 2391 1728 2446 lactum.
1753 2393 1780 2449 Si
1801 2404 1890 2451 autem
1914 2398 2014 2455 mattas

1222 2478 1287 2519 ores
1302 2464 1372 2522 lotas
1385 2483 1477 2525 errare
1490 2472 1653 2544 plangimus,
1669 2492 1832 2548 amariorum
1855 2481 1975 2539 humeris
1985 2493 2014 2543 at

1223 2553 1348 2611 lateribus
1363 2568 1389 2613 ει
1402 2562 1527 2616 εοιιιίΙιιιε
1540 2563 1636 2618 lacteam
1652 2576 1701 2620 est.
1716 2567 1774 2623 Nun
1788 2571 1859 2626 enim
1873 2571 2015 2633 tractass-

1222 2656 1292 2712 rcnt‚
1309 2648 1358 2702 nisi
1374 2648 1458 2706 lartcs
1471 2669 1545 2711 ores.
1560 2655 1624 2723 Qum
1638 2667 1700 2712 sant
1714 2658 1816 2716 laetos?
1828 2663 1865 2719 Dc
1878 2664 1934 2719 suis
1946 2666 2013 2723 riri·

1220 2736 1270 2793 ltrrs
1283 2753 1483 2808 presumentes.
1496 2745 1561 2813 Quae
1580 2757 1642 2803 sunt
1662 2748 1764 2806 ltrrtesl
1779 2752 1816 2808 lie
1837 2767 1884 2810 saa
1905 2756 2011 2827 justitia

1220 2828 1376 2897 gloriantes.
1392 2831 1449 2887 Non
1464 2834 1611 2891 diuiserunt
1623 2853 1697 2906 ores,
1710 2856 1764 2896 non
1779 2840 1850 2900 laras
1861 2847 2011 2915 miserunt,
2044 2832 2046 2836 ⁵

1223 2918 1272 2975 nisi
1286 2922 1329 2989 rpri
1344 2936 1374 2977 se
1384 2923 1471 2995 justos
1484 2941 1543 2983 csse
1556 2928 1679 2985 dixerunt
1693 2949 1700 2986 :
1713 2933 1815 2990 hurneri
1828 2933 1840 2967 ⁸
1852 2937 1968 2996 audaces
1978 2940 2012 2999 ati

1220 3010 1421 3082 iatpcllendum,
1437 3018 1497 3088 qtria
1513 3035 1565 3074 mm
1580 3030 1686 3091 portant
1698 3026 1829 3082 sarcinam
1843 3029 1911 3084 Dei:
1927 3030 2010 3091 latera

1220 3104 1300 3171 maia,
1311 3108 1494 3176 conspirantes
1503 3111 1590 3177 amici,
1603 3114 1716 3170 societas
1729 3117 1880 3185 pertinacia
1891 3138 1898 3174 τ
1910 3136 2011 3181 corneis

1219 3205 1319 3261 crecta,
1331 3197 1398 3252 elata
1410 3200 1532 3269 superbia
1543 3202 1554 3234 ⁸
1566 3218 1573 3256 :
1584 3203 1691 3274 impelle
1701 3206 1827 3263 lateribus
1838 3220 1866 3264 ot
1878 3211 2009 3284 hermetis,

1222 3287 1319 3343 nentia
1339 3291 1478 3359 cornibus,
1494 3295 1569 3349 mitte
1587 3293 1658 3350 loras
1679 3297 1750 3368 atiud
1773 3313 1825 3353 nou
1848 3302 1962 3359 emisisti
1976 3304 2008 3361 ⁸:

1218 3376 1297 3435 Certe
1310 3381 1366 3449 ipsa
1381 3392 1434 3438 tom
1448 3399 1525 3439 carisa
1536 3394 1588 3452 est,
1601 3386 1701 3457 quiam
1712 3388 1799 3458 justus
1812 3392 1895 3447 etalii
1906 3394 2008 3465 injusti,

1219 3478 1247 3525 ει
1260 3470 1394 3542 indignum
1409 3483 1466 3530 erat
1487 3485 1516 3531 ut
1535 3478 1623 3547 justas
1639 3489 1711 3534 esset
1722 3495 1783 3535 cum
1797 3482 1921 3552 injustis:
1937 3486 2008 3543 indi·

1218 3574 1299 3629 gnam
1312 3562 1449 3629 uidelicet,
1463 3573 1493 3619 nt
1507 3564 1638 3621 frumenta
1654 3579 1744 3625 essent
1756 3571 1825 3627 inter
1837 3573 1955 3643 zizaram
1969 3576 2010 3633 itt·

1217 3650 1335 3723 dignam,
1350 3662 1378 3709 ut
1388 3669 1452 3710 arcs
1464 3656 1533 3711 inter
1545 3656 1633 3714 hircos
1647 3669 1797 3728 pascerent,
1813 3663 1900 3720 donee
1915 3676 2009 3737 pastos

1217 3744 1320 3800 reniret
1334 3745 1378 3815 qai
1393 3745 1418 3799 in
1431 3749 1578 3817 separantia
1593 3764 1646 3804 non
1660 3759 1739 3806 errat.
1756 3752 1829 3808 itane
1849 3764 1876 3808 tu
1896 3757 2008 3829 angelus

1216 3833 1354 3890 enaticans
1366 3837 1485 3891 zizania?
1496 3838 1552 3894 Nun
1574 3848 1600 3896 tc
1617 3856 1790 3911 agnoscerem
1810 3845 1932 3915 anpclam
1947 3863 2010 3903 cra·

1215 3923 1348 3981 dicautcm
1375 3927 1489 3993 zizania,
1505 3945 1553 3983 uec
1568 3931 1589 3983 si
1602 3930 1656 4000 jam
1678 3933 1772 3987 messis
1793 3936 1920 3993 uertisset.
1936 3940 2008 4007 dats

1215 4029 1330 4071 messem
1350 4031 1401 4071 nou
1424 4025 1465 4081 tu,
1480 4017 1526 4071 scd
1541 4020 1660 4089 ‹pusprts
1679 4019 1772 4088 luerit,
1787 4034 1895 4082 nonest
1914 4043 2006 4087 retas.

1214 4105 1264 4173 Qtri
1279 4106 1427 4175 designarit
1447 4124 1596 4174 messores,
1612 4111 1759 4182 dessignavit
1771 4121 1797 4170 et
1810 4124 1925 4188 tempas.
1940 4120 2007 4177 i'es·

1214 4207 1274 4253 seut
1286 4207 1314 4253 et
1326 4199 1446 4254 itonrincs
1456 4215 1485 4255 sc
1497 4202 1605 4269 angelos
1615 4201 1713 4258 dicero.
1727 4204 1877 4262 {inanimus
1889 4206 2006 4267 lortasso

1214 4289 1240 4343 iu
1253 4287 1396 4359 Scripturis
1420 4300 1446 4345 ει
1472 4290 1593 4346 homines
1606 4290 1692 4347 dictos
1704 4295 1827 4367 angelos,
1842 4298 1889 4353 scd
1913 4307 2005 4357 unica

1214 4394 1265 4451 ego
1280 4390 1385 4450 ternpus
1400 4383 1493 4437 messis
1512 4384 1632 4439 attendo.
1646 4387 1740 4456 Angcii
1755 4390 1801 4444 tibi
1814 4406 1913 4447 nomen
1927 4402 2003 4463 potes

1213 4469 1367 4539 imponere,
1382 4480 1487 4541 tempas
1500 4475 1594 4530 messis
1607 4491 1659 4531 uon
1674 4487 1748 4546 potcs
1762 4479 1893 4537 breviare.
1913 4483 2005 4553 ltaque
2021 4474 2028 4487 ¹

1213 4559 1308 4616 laisum
1322 4561 1404 4626 dicis,
1416 4564 1477 4634 qttia
1492 4565 1530 4620 sis
1543 4566 1553 4597 '
1566 4583 1572 4620 :
1585 4569 1645 4637 quia
1668 4570 1785 4625 troadam
1806 4573 1878 4629 reuit
1895 4575 2002 4647 quando

1212 4652 1260 4706 sis.
1273 4652 1388 4708 Proinde
1400 4668 1459 4709 crim
1472 4655 1584 4721 tenerit,
1598 4667 1625 4711 ει
1636 4659 1692 4714 ucri
1709 4676 1841 4717 messores
1854 4663 1929 4719 missi
1941 4665 2004 4723 rae-

1212 4742 1277 4809 riat,
1293 4744 1385 4800 nescio
1399 4744 1440 4798 ιιΙιί
1457 4755 1481 4799 ιε
1496 4746 1644 4813 irncniant,
1661 4756 1748 4804 utrum
1768 4752 1933 4822 purgandam
1955 4757 2002 4827 qni

1212 4834 1241 4889 ia
1263 4833 1359 4890 itorrco
1381 4836 1551 4903 recondaris,
1567 4853 1601 4895 aa
1619 4839 1778 4909 alligandam
1798 4842 1842 4913 qai
1864 4844 1891 4899 in
1912 4845 2002 4915 terrain

1213 4923 1369 4996 projiciaris.
1386 4925 1448 4983 idco
1462 4927 1532 4982 onim
1548 4927 1617 4994 dico,
1633 4927 1711 4996 lorte,
1724 4931 1786 5000 qaia
1798 4948 1851 4989 non
1865 4934 2004 5007 audeoju·

1151 5060 1154 5065 .
1211 5013 1312 5071 dicare.
1326 5014 1404 5073 ilode
1417 5024 1443 5072 tc
1455 5017 1520 5074 laris
1533 5016 1612 5074 doleo
1624 5037 1631 5074 ι
1642 5027 1732 5076 ιιιιιιιε
1746 5020 1784 5077 sis
1796 5020 1902 5081 laturus
1916 5025 2000 5097 intas,

1210 5121 1314 5162 rrnoro.

1220 5126 1291 5252 l’li
1300 5195 1446 5252 donatistas
1455 5200 1638 5270 separationem
1644 5170 1843 5259 mameacasars
1855 5221 1905 5261 sou
1915 5222 2000 5278 pesa.

1210 5285 1316 5343 interim
1343 5287 1405 5341 audi
1426 5302 1460 5343 cs
1487 5288 1541 5344 aiio
1568 5288 1713 5361 Scriptura
1739 5295 1891 5351 testimonio
1913 5297 1948 5354 dc
1975 5310 2002 5356 ts

1209 5380 1336 5451 scriptam
1352 5392 1422 5446 esse,
1433 5394 1494 5434 cnm
1509 5379 1591 5447 einim
1605 5390 1633 5437 ct
1644 5383 1699 5438 aoil
1712 5383 1781 5441 eclic
1793 5385 1892 5442 zizania
1907 5389 1999 5445 erarii·

1241 5538 1248 5569 ¹
1262 5543 1313 5586 troo
1322 5542 1386 5595 tiss,
1404 5534 1519 5587 mattas

1240 5599 1251 5629 ¹
1262 5600 1298 5647 stc
1310 5606 1362 5647 nass.
1370 5606 1397 5648 tu
1405 5598 1463 5648 ειιιιι
1475 5598 1602 5651 :manmit
1612 5599 1828 5665 adamantinae.

1240 5660 1251 5692 ⁸
1263 5658 1330 5718 rditi,
1341 5657 1385 5709 sni
1395 5656 1465 5724 jupo.
1482 5660 1633 5723 ttcponinms,
1645 5660 1688 5713 mi
1702 5662 1789 5728 ripam·
1800 5664 1856 5727 ortis
1866 5667 1902 5716 ste
1914 5679 2000 5719 manes

1207 5726 1321 5835 ”si’fflpp
1333 5778 1448 5832 tanneris.
1465 5779 1549 5832 naias
1562 5782 1728 5836 cisterciensis
1738 5791 1790 5845 us..
1801 5784 1905 5838 amaea

1144 5896 1148 5903 ¹
1239 5842 1250 5875 ⁸
1268 5841 1351 5892 eiures
1366 5848 1430 5895 ttss„
1444 5842 1556 5907 ratperta.

1239 5903 1250 5935 ⁸
1261 5903 1298 5953 sic
1309 5911 1361 5954 uss.
1375 5904 1432 5953 ratn
1443 5912 1535 5963 antem,
1547 5903 1634 5957 mmet.

1238 5964 1331 6023 timu.
1342 5963 1384 6030 aas·
1404 5963 1447 6014 aa.
1467 5964 1549 6016 trelius
1567 5966 1667 6017 latrsse
1686 5965 1777 6031 aliqum
1796 5970 1930 6034 ammira
1944 5973 1992 6025 ais.

1208 6026 1300 6079 scilicet
1312 6026 1425 6090 angelus.
