4759 6684
366 598 436 655 it‘ti

367 724 436 779 pter,
451 709 609 770 elutrissimi.
625 717 677 762 tarn
692 720 773 779 grate
787 709 922 765 festivitati
933 713 1023 767 debito
1036 730 1160 770 sermmre

367 818 416 872 pro
427 801 525 855 uiribus
535 801 689 871 persoluto,
702 801 830 857 exhortor
843 803 1012 859 dilectionem
1034 805 1157 859 deuotio-

366 909 482 966 nemque
503 902 638 958 restram,
656 903 684 948 ut
704 895 783 949 istum
801 895 872 950 diem
890 895 1000 951 honeste
1022 912 1054 951 ae
1070 897 1158 951 sobrie

365 999 539 1056 peragamus,
551 994 578 1040 et
598 984 651 1043 hoc
666 973 840 1042 exhibeamus
854 987 922 1055 diei,
938 1004 992 1059 quo
1010 987 1159 1059 Cyprianus

364 1075 533 1133 beatissimus
546 1091 640 1147 passus
654 1086 705 1144 est,
719 1077 790 1148 quod
804 1078 902 1133 amarit
913 1090 941 1135 ut
954 1090 1096 1149 pateretur.

595 1293 710 1352 setino
722 1289 847 1349 CCClilil
857 1293 866 1314 ⁰
878 1288 927 1359 (ol.

567 1412 593 1456 tn
603 1403 678 1456 natah
686 1402 793 1468 cypriani
802 1399 922 1464 ntanyris,
934 1411 958 1447 r.

403 1510 515 1570 Cim
535 1507 740 1565 attibuit-t.
758 1505 878 1576 Cypriani
895 1500 1012 1556 incudibus
1025 1497 1095 1553 ttttllo
1108 1497 1158 1550 lin-

366 1616 474 1678 gtropor
489 1611 534 1656 cst.
550 1599 739 1656 Sarrctissimns
753 1604 780 1650 et
800 1591 1010 1649 solemnissimus
1030 1590 1104 1655 dies,
1121 1598 1160 1642 at-

367 1714 419 1767 que
444 1691 647 1750 buieEccicsim
664 1695 821 1744 ornamento
840 1684 993 1739 familiarior
1008 1690 1034 1736 et
1049 1681 1159 1752 praecla-

367 1790 424 1843 rior
436 1829 441 1851 ,
454 1783 620 1840 ludificandis
642 1780 719 1836 nobis
734 1776 877 1832 hodiernus
895 1773 999 1837 illusit,
1014 1787 1092 1842 quem
1106 1786 1160 1825 smc

367 1879 444 1934 imbis
459 1876 542 1948 gioria
556 1870 688 1944 passionis
704 1869 853 1940 Cyprianus
864 1863 1034 1919 beatissimus
1047 1861 1161 1914 iliustra-

366 1971 414 2024 vit.
430 1968 512 2037 Cuius
526 1963 666 2021 reuerendi
686 1959 803 2031 episcopi
828 1966 855 2013 et
875 1952 1020 2011 uenerandi
1037 1950 1160 2023 martyris

367 2059 489 2116 laudibus
505 2057 576 2112 uuila
588 2056 676 2124 lingua
689 2051 840 2111 subiceret,
855 2062 904 2101 nce
919 2046 941 2099 si
955 2060 984 2100 se
999 2045 1055 2114 ipse
1068 2042 1160 2096 faurla-

367 2161 418 2206 ret.
441 2149 469 2203 ln
489 2148 539 2202 boc
570 2145 660 2214 itaque
687 2155 812 2196 sermone
834 2146 936 2201 nostro,
957 2149 1036 2204 quem
1058 2131 1092 2187 de
1116 2132 1161 2185 illo

368 2242 486 2296 debiturn
512 2236 609 2291 restris
631 2232 739 2287 auribus
770 2228 922 2291 reddimus,
950 2224 1034 2294 ruagis
1064 2237 1161 2292 appro-

367 2332 430 2385 bate
462 2326 606 2382 rotunntts
641 2323 782 2383 attractum,
808 2332 888 2388 quam
910 2315 1006 2384 exigite
1029 2311 1162 2367 lucullanis

368 2422 503 2475 effectum.
515 2418 559 2472 Sic
573 2415 680 2471 enimet
693 2410 814 2465 laudibus
829 2407 888 2472 liei,
900 2405 995 2476 quibus
1010 2419 1061 2458 non
1076 2402 1161 2457 sulum

368 2511 464 2575 ruratio,
479 2507 526 2565 sed
540 2521 573 2561 uc
587 2505 710 2575 cogitatio
725 2499 831 2570 qtddcm
847 2497 898 2552 ulia
914 2499 977 2551 satis
990 2502 1047 2560 est,
1060 2508 1120 2547 cum
1133 2506 1163 2547 se

368 2610 477 2657 inuictus
487 2598 609 2653 laudator
622 2596 709 2648 tatinus
722 2591 988 2652 idutteutneerneret,
999 2584 1053 2639 ait:
1069 2581 1163 2637 Volun-

369 2691 435 2745 trnio
457 2688 509 2742 oris
528 2687 576 2740 mei
591 2683 745 2754 beneplacito
765 2684 824 2752 (uc,
838 2676 944 2730 Domine
963 2673 1048 2747 (Psoi.
1068 2689 1161 2740 essin,

369 2780 443 2854 tes).
457 2780 514 2836 lloe
523 2787 550 2834 et
562 2792 612 2848 ego
624 2775 736 2831 dixerim
750 2788 757 2826 ε
774 2773 808 2826 sit
820 2770 899 2825 etiarn
913 2769 963 2823 ista
973 2783 1031 2823 mea
1045 2767 1159 2831 devotio,

370 2883 399 2927 ut
413 2872 436 2927 si
452 2886 502 2943 par
517 2885 569 2924 nou
591 2883 649 2924 sum
666 2866 698 2920 ad
717 2863 901 2934 explicandum
915 2860 985 2932 quud
1001 2859 1070 2923 volo,
1085 2873 1162 2914 acce·

372 2977 416 3035 ptn
429 2963 540 3027 feratur,
557 2960 618 3032 tyttia
628 2959 697 3014 roio.

406 3052 518 3110 curbi
538 3050 569 3106 ll.
583 3081 618 3092 -
629 3050 657 3104 2.
680 3047 824 3119 Martyrum
846 3046 933 3100 leudes
950 3045 978 3099 in
998 3044 1079 3097 Deum
1097 3042 1162 3096 reci-

370 3151 439 3203 dere.
463 3146 532 3218 Quid
544 3146 616 3202 enim
633 3143 684 3201 nisi
699 3143 746 3199 ilci
762 3150 825 3196 sunt
840 3139 933 3195 laudes
955 3137 1019 3193 tanti
1041 3135 1163 3208 hiartyris

371 3238 482 3293 laudes?
495 3237 547 3292 Aut
558 3236 634 3306 cujus
647 3235 733 3289 bonor
745 3241 787 3289 est
799 3230 946 3302 Cyprianus
958 3229 991 3283 ad
1008 3229 1090 3283 licum
1105 3236 1163 3281 tuto

370 3329 452 3383 corde
466 3339 622 3393 conuersus,
634 3326 684 3379 nisi
697 3325 755 3394 ejus
768 3323 810 3378 cui
821 3323 920 3377 dietum
934 3328 985 3387 cst,
1000 3318 1068 3372 Dcus
1083 3320 1162 3373 cirtu-

371 3434 423 3473 tum
436 3461 442 3484 ,
457 3428 571 3474 contente
584 3434 630 3471 nos
651 3415 735 3489 (Psoi.
758 3431 840 3470 uxxrx
854 3456 861 3480 ,
877 3413 926 3482 iil?
938 3399 1022 3482 Cujus
1037 3427 1103 3482 opus
1123 3420 1163 3466 est

370 3510 518 3582 Cyprianus
536 3508 647 3573 doctor,
659 3506 708 3559 uisi
726 3504 783 3574 ejus
802 3503 843 3559 cui
866 3504 965 3559 dicturu
979 3512 1029 3568 est,
1043 3501 1110 3556 ftocc
1124 3519 1163 3556 me

365 3601 564 3672 ,tristificationem
577 3608 633 3652 tuus
649 3595 733 3668 (Psoi.
750 3610 840 3657 curtat,
858 3594 919 3664 tea)
928 3594 939 3647 ι
949 3593 1031 3661 Cujus
1043 3608 1109 3662 opus
1122 3602 1163 3647 est

369 3693 517 3766 Cyprianus
530 3699 637 3761 pastor,
650 3687 699 3742 nisi
713 3686 770 3756 ejus
785 3685 828 3755 qni
846 3684 926 3749 dixit,
940 3682 1011 3736 Dtrbo
1030 3684 1097 3736 uobis
1115 3700 1162 3751 pu-

370 3797 448 3839 stores
469 3781 605 3836 scrutariam
627 3797 670 3834 cor
685 3795 784 3844 rtteuur,
799 3787 821 3830 ct
833 3786 934 3847 poscent
953 3793 995 3831 uos
1011 3793 1068 3829 curu
1087 3775 1164 3829 disci·

370 3881 439 3948 pfinu
454 3877 559 3948 (fcrcm.
572 3892 610 3938 m,
627 3873 671 3943 iti)
684 3871 787 3942 iCujns
800 3886 866 3942 opus
880 3879 921 3924 cst
935 3868 1082 3941 Cyprianus
1095 3883 1161 3923 etuti-

371 3975 464 4033 tessun,
479 3968 529 4022 nisi
541 3967 598 4036 ejus
611 3964 656 4036 qui
667 3963 742 4028 dixit,
759 3959 831 4016 Dolo
844 3961 912 4015 uobis
922 3977 950 4014 es
964 3971 986 4013 ct
1000 3961 1159 4031 sapientiam,

369 4061 411 4113 cni
426 4074 476 4113 nou
487 4066 602 4129 potantur
616 4056 731 4111 resistcre
745 4053 841 4108 iniutici
852 4053 925 4107 uestri
936 4052 1010 4123 (buc.
1024 4069 1079 4120 xit,
1097 4050 1162 4125 tait

368 4149 450 4219 Ctrths
472 4163 538 4219 opus
552 4155 594 4202 est
615 4144 762 4218 Cyprianus
781 4153 861 4198 tantm
881 4142 951 4197 iilius
971 4142 1162 4212 persecutionis

370 4258 419 4313 pro
442 4241 551 4296 raritate
571 4253 734 4310 perpessor,
748 4239 798 4292 uisi
811 4237 869 4306 ejus
879 4236 920 4290 cni
931 4236 1030 4290 dictum
1045 4243 1096 4303 est,
1109 4233 1163 4288 Pu-

369 4337 457 4390 tieutiu
474 4333 566 4399 lsrael,
588 4332 694 4386 Domine
715 4330 822 4402 (ferun.
842 4345 915 4396 xun,
931 4329 975 4399 ta)
988 4344 994 4395 ;
1009 4338 1036 4384 et
1055 4327 1088 4382 de
1110 4343 1161 4398 quo

368 4429 470 4484 dietum
491 4436 547 4488 est,
562 4425 687 4492 Quoniam
700 4421 730 4476 alr
749 4422 804 4494 ipso
817 4431 853 4477 est
870 4421 992 4492 patientia
1005 4437 1059 4474 uteo
1073 4418 1159 4489 (Paul.

371 4535 423 4583 tn,
440 4518 489 4588 fil?
501 4518 641 4571 Postremo
664 4514 739 4584 cuijus
758 4529 825 4584 opus
840 4521 881 4567 est
894 4510 1041 4584 Cyprianus
1062 4512 1087 4565 in
1101 4527 1160 4567 om·

372 4608 449 4664 nihus
463 4610 562 4671 rietur,
576 4607 625 4661 uisi
639 4607 696 4676 rjus
708 4605 741 4661 de
756 4622 808 4676 quo
821 4605 920 4660 dictum
936 4615 986 4672 est,
1001 4603 1033 4658 fn
1048 4606 1161 4659 ontuihus

368 4698 566 4768 sepmiurimus
588 4714 632 4768 prr
648 4714 704 4751 eum
717 4697 760 4766 qui
772 4697 859 4750 difecit
872 4713 917 4751 uos
928 4697 1016 4766 (flunt.
1029 4713 1082 4762 rm,
1096 4697 1161 4766 att?

369 4790 426 4844 nou
442 4803 504 4858 crgo
516 4786 665 4842 recedimus
677 4801 692 4840 a
707 4785 828 4839 laudibus
840 4786 896 4846 Dei.
908 4787 1012 4855 quaudo
1023 4787 1160 4844 laudamus

369 4896 448 4950 opera
465 4880 520 4945 lici,
535 4886 561 4933 et
574 4879 663 4947 praelia
677 4877 724 4932 bei
741 4878 766 4930 in
781 4878 863 4933 tuifite
878 4879 933 4932 lici.

406 4970 519 5028 catut
540 4968 582 5023 lll.
593 4998 629 5008 -
641 4969 667 5022 3.
684 4966 810 5039 Martyres
830 4979 853 5022 et
872 4982 1003 5025 artarentur
1021 4989 1036 5026 o
1051 4971 1121 5038 Deo,
1136 4985 1160 5029 et
1176 4954 1179 4959 Ι

368 5067 399 5119 ab
424 5064 510 5120 eodem
536 5072 635 5116 orrrtuto
661 5059 823 5132 adjuventur.
849 5060 892 5117 Sic
911 5063 981 5118 euim
1005 5064 1160 5121 ciliortatur

370 5155 513 5226 Apostolus
528 5173 534 5208 :
550 5152 622 5208 State
633 5152 739 5207 succinti
749 5151 845 5207 inuidos
860 5165 952 5208 cestros
965 5155 990 5208 in
1005 5158 1123 5222 cci-itote,
1135 5167 1159 5212 ct

367 5248 450 5303 induti
464 5248 542 5301 lorice
555 5246 680 5317 jatatitiae,
698 5255 721 5298 et
735 5246 839 5299 culceati
851 5247 926 5316 pedes
941 5247 966 5300 iu
981 5250 1158 5318 predicatione

370 5339 500 5412 httougclii
522 5338 612 5406 poris:
626 5337 652 5391 in
666 5336 780 5391 omnihus
792 5351 917 5395 surrteutca
934 5353 1031 5396 scritum
1044 5344 1104 5414 fidei
1112 5386 1120 5412 ,
1131 5348 1158 5403 in

366 5451 415 5502 que
426 5431 526 5503 possitis
536 5430 620 5485 omnio
634 5430 684 5483 tela
699 5430 843 5497 nequissimi
860 5433 933 5503 igneo
947 5436 1120 5507 erstirrguere;
1135 5448 1158 5493 et
1176 5480 1180 5486 .

367 5524 465 5594 quicum
486 5522 574 5577 solutis
597 5520 713 5590 accipite,
732 5530 755 5573 ct
770 5522 883 5592 gladium
902 5524 1015 5594 spiritus,
1042 5530 1110 5598 quod
1121 5540 1157 5584 cst

366 5615 467 5670 ceritum
489 5613 535 5667 [lei
556 5613 715 5684 (Epiacum,
732 5613 837 5684 teti).
852 5615 920 5681 Quid
937 5627 978 5671 est
997 5619 1106 5687 justiti-e
1118 5622 1166 5677 lo·-

366 5707 419 5759 tira
431 5705 521 5769 indui,
537 5712 564 5759 et
577 5703 698 5773 accipere
718 5714 820 5758 scutum
833 5703 895 5760 hdei
908 5747 915 5769 .
931 5716 958 5762 et
969 5709 1071 5778 galeam
1084 5713 1155 5768 salu-

368 5798 412 5863 tis,
424 5807 449 5852 et
463 5796 578 5868 gladium
593 5795 712 5867 spiritus,
727 5797 798 5866 quod
811 5806 853 5854 est
871 5800 979 5857 uerbum
996 5803 1058 5871 Dei,
1075 5806 1126 5862 uisi
1141 5822 1156 5862 a

399 5953 407 5971 ·
421 5951 563 6002 nutemhtus
579 5952 608 6001 ad
620 5952 651 6003 ci.
663 5952 688 6003 d.
700 5967 719 6001 r.
733 5961 750 6007 t
764 5963 813 6012 rat·
826 5971 850 6010 r·
864 5965 889 6008 et
902 5961 930 6010 ad
939 5968 993 6013 tor.
1050 6001 1053 6007 .

391 6013 430 6080 (tr)
439 6011 513 6076 dtas
525 6013 557 6067 de
569 6015 675 6068 biremis
688 6014 740 6068 tib

977 581 1003 635 S.
1026 575 1207 632 abet'sitat
1228 576 1375 631 tlttstsset‘t

1940 578 2007 635 fiii

1214 694 1326 746 littttriuu
1343 695 1420 747 dunis
1438 695 1496 763 ejus
1508 696 1625 749 niniati?
1639 694 1691 749 Nec
1714 699 1810 752 atmnri
1833 709 1938 752 iantttttt
1953 704 2014 755 Stil-a

1212 789 1302 839 ficeret
1314 785 1482 851 ltuic‘militi,
1499 787 1548 841 nisi
1563 787 1774 855 iutpetrassctab
1783 801 1889 844 armato
1902 793 1981 861 ipso,
1994 808 2010 846 a

1210 892 1263 945 qno
1276 888 1391 931 armatus
1412 878 1514 943 tuerat,
1527 878 1659 956 adjurari.
1675 880 1767 950 licque
1780 884 1854 936 enim
1870 884 2010 952 piissimus

1210 965 1309 1039 Martyr
1332 968 1358 1021 iu
1380 968 1423 1022 iila
1445 967 1615 1024 conflictione
1638 972 1770 1038 passionis
1794 989 1848 1028 non
1875 976 1967 1031 orarit
1984 988 2012 1033 et

1161 1102 1165 1123 .,
1210 1056 1277 1112 dixit
1291 1075 1296 1109 :
1310 1056 1403 1112 iudice
1415 1097 1423 1121 ,
1436 1057 1564 1123 Domine,
1579 1071 1693 1115 umentes
1714 1079 1763 1129 ute,
1775 1080 1899 1135 expugna
1923 1068 2011 1135 inpa-

1210 1159 1314 1217 guuutes
1333 1164 1380 1202 nte.
1397 1150 1653 1219 appetentem
1664 1163 1686 1204 ct
1700 1165 1813 1220 scutum,
1829 1165 1976 1228 stampe
1985 1160 2013 1214 itt

1210 1239 1365 1308 adjutorium
1380 1241 1451 1293 utiftt'.
1466 1240 1579 1307 Effuttdc
1593 1246 1725 1313 fautricem,
1738 1256 1761 1298 ιι
1776 1248 1907 1301 conclude
1918 1254 2010 1303 adeer-

1210 1349 1253 1388 sur
1264 1350 1306 1388 cos
1320 1335 1362 1402 qui
1386 1351 1426 1387 rnc
1438 1345 1638 1404 yrerscquuntur:
1651 1337 1692 1388 dic
1713 1338 1806 1392 anime
1830 1357 1907 1406 tscoe,
1934 1343 2012 1396 Sufes

1211 1431 1254 1475 tun
1265 1439 1310 1492 ego
1323 1440 1379 1475 sirm
1393 1421 1478 1489 (Psoi.
1495 1440 1590 1489 xxxtr,
1605 1426 1672 1495 t-a).
1689 1425 1830 1492 Quomodo
1845 1432 2008 1496 uinceretur,

1211 1528 1288 1580 quem
1303 1513 1341 1566 sie
1360 1514 1487 1568 hominus
1507 1513 1669 1583 producebat
1678 1528 1831 1583 armatum,
1846 1521 1887 1575 sic
1901 1519 2010 1589 adjura·

1211 1605 1257 1658 hat
1270 1605 1408 1660 armatus?
2018 1651 2020 1654 -

1246 1694 1358 1751 Ciil'Ui‘
1378 1695 1422 1750 tv.
1435 1726 1471 1736 -
1483 1697 1511 1752 i.
1534 1698 1654 1754 Arattotus
1673 1699 1740 1754 fleus
1762 1702 1895 1772 mentedo
1921 1704 2014 1758 inteili-

1211 1786 1316 1855 gettdns.
1331 1784 1441 1840 Fratres
1451 1787 1516 1851 bet,
1531 1788 1655 1844 Ecclesia.
1671 1789 1856 1858 Prummflei,
1869 1793 1960 1847 aniate
1970 1797 2014 1865 je·

1211 1876 1251 1928 sti.
1269 1876 1344 1929 dbsit
1354 1887 1443 1932 antem
1456 1888 1485 1931 ιιι
1497 1890 1628 1933 armatum
1644 1879 1725 1934 ileum
1740 1882 1907 1950 quibusdam
1917 1900 2013 1954 corpo-

1212 1966 1310 2021 ralibus
1330 1967 1514 2022 instrumentis
1534 1970 1629 2036 puerili
1643 1971 1724 2024 eorde
1744 1972 1904 2028 credamus.
1918 1974 2012 2045 Cujus·

1212 2055 1283 2109 modi
1304 2055 1403 2126 quippe
1425 2071 1498 2111 arma
1519 2058 1572 2112 siut
1593 2058 1654 2124 illa,
1669 2060 1766 2129 quihus
1780 2062 1816 2115 ab
1832 2073 1943 2118 armato
1960 2066 2013 2119 beo

1212 2147 1299 2201 soient
1320 2149 1378 2217 ejus
1393 2149 1490 2203 milites
1509 2149 1640 2218 adjurari,
1662 2151 1712 2219 ipsi
1730 2153 1898 2209 confitentur
1917 2157 2012 2226 adjuti,

1213 2238 1256 2291 ubi
1274 2240 1453 2294 exclamantes
1466 2247 1493 2294 et
1512 2241 1609 2308 gratias
1626 2251 1736 2311 agentes
1752 2243 1845 2299 dieunt
1860 2264 1868 2300 ε
1884 2245 2011 2314 Damae,

1213 2339 1239 2380 ut
1250 2339 1321 2383 scuto
1345 2329 1417 2384 ioue
1436 2330 1569 2385 uoluntatis
1590 2335 1716 2386 coronasti
1737 2334 1934 2408 testemur,
1953 2343 2010 2411 13).

1213 2416 1326 2471 tratura
1341 2434 1404 2472 uero
1419 2419 1477 2484 bet,
1488 2420 1538 2475 hoc
1550 2431 1591 2476 est
1600 2421 1704 2492 gladius
1716 2424 1774 2491 Dei,
1784 2441 1861 2495 quam
1876 2428 2011 2487 frameam

1213 2523 1310 2577 cerpus
1322 2507 1422 2564 Christi
1436 2509 1507 2580 quod
1520 2520 1562 2566 est
1573 2511 1704 2580 Ecclesia,
1718 2515 1846 2572 aduersus
1855 2533 1905 2574 eos
1914 2522 1963 2591 qui
1976 2538 2010 2578 se

1213 2610 1419 2670 persequuntur,
1432 2612 1555 2671 precatur
1564 2603 1663 2660 effundi
1674 2616 1754 2677 atque
1767 2610 1892 2665 conclrmi
1903 2628 1912 2677 ;
1924 2625 2012 2682 potest

1213 2691 1319 2760 quidem
1334 2692 1461 2762 intelligi,
1478 2694 1521 2749 ubi
1534 2693 1591 2765 ipse
1609 2695 1730 2752 salrator
1748 2714 1800 2754 suo
1813 2704 1922 2772 corpori
1936 2704 2009 2771 dicit,

1214 2778 1242 2832 N
1243 2796 1275 2834 on
1287 2782 1341 2835 ueni
1355 2798 1442 2852 pacem
1454 2783 1550 2840 stitture
1561 2786 1589 2839 iu
1601 2795 1704 2851 turona,
1717 2788 1763 2843 sed
1774 2789 1893 2860 gladium
1905 2793 2008 2863 (fiatri.

1213 2887 1240 2932 x,
1253 2872 1309 2942 δι).
1324 2872 1382 2942 Quo
1398 2874 1487 2944 gladio
1498 2876 1626 2946 spirituali
1641 2877 1657 2932 a
1676 2882 1842 2952 martyribus
1859 2886 1918 2941 suis
1929 2890 2008 2944 cocle

1213 2961 1263 3016 stia
1285 2966 1532 3033 concupiscentibus
1544 2969 1654 3038 gaudia,
1669 2980 1794 3028 terrersos
1813 2976 1887 3031 male
1900 2978 2024 3035 bhudus

1213 3053 1349 3120 separarit
1365 3053 1491 3121 affectus,
1504 3055 1601 3125 quibus
1610 3057 1645 3112 de
1657 3060 1729 3115 emio
1741 3060 1777 3115 ad
1792 3071 1892 3119 terram
1903 3083 2009 3122 reram·

1214 3149 1305 3196 rentur
1320 3144 1438 3210 astricti,
1455 3145 1505 3198 uisi
1518 3146 1621 3216 gladius
1638 3150 1814 3208 intercideret
1828 3155 1937 3211 Christi.
1954 3160 2009 3214 Sed

1214 3243 1254 3287 est
1267 3233 1345 3288 etiam
1359 3235 1409 3287 alia
1423 3235 1620 3292 euidentissima
1635 3239 1682 3294 liei
1692 3239 1797 3298 framea
1807 3245 1897 3301 anima
1908 3248 1973 3317 jusu
1984 3251 2010 3304 ιιι

1214 3339 1294 3377 uranu
1313 3324 1376 3388 beu
1392 3326 1424 3379 de
1444 3341 1495 3395 qna
1511 3326 1549 3381 ilfi
1562 3329 1588 3382 iu
1608 3329 1714 3384 Psalmo
1731 3333 1853 3390 dicitur:
1871 3336 1940 3392 Bne
1954 3342 2011 3392 uari·

1213 3432 1280 3468 ratum
1291 3432 1371 3469 mcum
1385 3417 1415 3470 eh
1429 3416 1524 3486 impiis,
1536 3422 1658 3489 [causeum
1673 3431 1743 3475 tuom
1753 3440 1786 3478 ea
1798 3426 1911 3483 urirnicis
1924 3446 2010 3484 mum

1213 3516 1263 3560 tnae
1275 3506 1359 3575 (inei.
1376 3524 1438 3575 ιιι,
1455 3509 1521 3562 fciet
1536 3511 1591 3579 li).
1605 3510 1680 3578 Quod
1691 3513 1770 3581 dixit,
1785 3517 1905 3571 animent
1917 3537 2012 3586 mg

1214 3595 1265 3651 hoc
1283 3598 1420 3666 repetiuit,
1433 3603 1557 3670 yrorrrcorn
1579 3611 1647 3656 tuam
1658 3618 1668 3659 .·
1678 3605 1749 3673 quod
1762 3606 1850 3674 dixit,
1867 3610 1900 3663 eb
1911 3613 2010 3683 impin·

1214 3690 1264 3740 boe
1278 3687 1409 3755 reptetirit,
1425 3706 1457 3743 ea
1466 3690 1574 3746 iniuricis
1586 3709 1675 3747 omnus
1689 3704 1751 3750 tttoe.

1247 3776 1360 3832 CAPUT
1381 3777 1459 3831 V.-
1472 3780 1498 3833 5.
1515 3779 1625 3835 Frutueo
1638 3800 1730 3852 magua
1750 3784 1800 3841 Dei
1813 3788 1944 3860 Cypriani
1957 3796 2010 3847 ni·

1214 3883 1264 3918 ratu.
1287 3867 1376 3921 :litere
1396 3880 1504 3922 erectum
1516 3888 1593 3941 super
1614 3890 1705 3944 corpus
1724 3876 1860 3948 Cyprictd.
1884 3882 1963 3939 llatae
1973 3884 2026 3939 el·-

1213 3958 1280 4016 fudit
1294 3961 1419 4015 frameam
1428 3963 1577 4032 spargendo
1586 3979 1778 4038 usquequaque
1786 3981 1919 4044 martyres
1929 3990 2027 4032 sums:-

1213 4062 1240 4107 et
1254 4053 1386 4107 eoriclusit
1402 4052 1531 4110 aduersus
1551 4059 1657 4128 eosqui
1671 4066 1908 4132 persequebantur
1918 4068 2026 4124 Ecce.

1213 4145 1278 4200 siam
1291 4162 1298 4210 ;
1311 4147 1406 4215 utquia
1421 4147 1622 4216 predicantium
1631 4153 1742 4209 uocibus
1755 4170 1809 4210 non
1824 4157 2008 4228 flectebantur,

1213 4237 1383 4292 morientium
1395 4238 1535 4294 virtutibus
1544 4239 1737 4312 frangerentur.
1747 4245 1842 4302 Fortia
1853 4252 1954 4322 quippe
1962 4254 2009 4308 sihi

1213 4327 1342 4381 adsersus
1356 4328 1476 4384 inimicos
1486 4329 1597 4387 fabricat
1612 4347 1685 4388 arma
1700 4335 1782 4401 fleus,
1796 4353 1849 4394 eos
1861 4341 1934 4410 ipsos
1945 4359 2008 4412 quas

1212 4418 1275 4473 facit
1290 4421 1400 4475 amieos,
1415 4421 1507 4492 ilagua
1520 4423 1609 4493 itaque
1621 4423 1720 4480 frantca
1739 4427 1785 4483 Dei
1803 4432 1896 4486 aniius
1913 4433 2027 4489 beatis·-

1213 4510 1272 4563 simi
1297 4511 1434 4581 Cypriani,
1455 4513 1595 4582 splendida
1613 4513 1752 4584 charitate,
1778 4530 1862 4576 acuta
1885 4526 2007 4592 ueritate,

1212 4604 1353 4673 pugnantis
1366 4604 1414 4660 ilci
1426 4615 1485 4660 acta
1498 4616 1525 4660 et
1537 4606 1639 4663 uibrata
1649 4608 1764 4676 virtute,
1779 4628 1845 4682 quae
1860 4616 1931 4671 bella
1942 4633 2007 4673 eon·

1212 4695 1295 4749 fecit?
1318 4710 1383 4764 quas
1406 4697 1641 4752 contradicentium
1669 4710 1791 4757 catervas
1823 4705 2009 4777 musignano

1211 4785 1363 4854 stiperarit?
1378 4795 1444 4855 rynot
1463 4789 1594 4857 percussit
1611 4789 1750 4845 infensos?
1776 4805 1848 4863 quot
1865 4802 2007 4866 prostravit

1211 4877 1357 4930 aduersos‘f
1377 4876 1405 4930 in
1427 4893 1506 4947 quam
1530 4880 1671 4934 multorum
1692 4881 1865 4939 inimicorum
1882 4890 2007 4945 cordibus

1211 4968 1282 5037 ipsas
1299 4968 1465 5030 iuimicitias,
1477 4969 1573 5038 quibus
1592 4971 1812 5040 oppugnabatur,
1822 4976 1935 5044 oceidit,
1950 4994 2008 5034 eos

1211 5075 1262 5128 qne
1274 5059 1374 5114 artuicus
1387 5059 1482 5129 quibus
1498 5061 1624 5116 aduersus
1636 5063 1702 5117 aiios
1723 5064 1796 5120 heus
1806 5069 1948 5138 copiosius
1959 5087 2006 5141 p·-

1210 5161 1314 5220 gnaret,
1328 5150 1433 5206 effecit?
1446 5150 1495 5207 Ubi
1510 5163 1598 5207 autem
1612 5154 1683 5208 rcnit
1696 5163 1822 5226 tempus,
1840 5169 1869 5215 ut
1880 5169 2005 5232 tanquan

1211 5242 1461 5311 praeraiesccutibus
1482 5242 1602 5298 hostibus
1616 5244 1807 5314 prenderetur,
1821 5259 1879 5306 turn
1895 5269 1962 5308 reru
1975 5269 2006 5308 ns

1209 5346 1353 5402 oppressus
1364 5341 1392 5388 et
1405 5333 1488 5388 rictus
1498 5334 1532 5389 ab
1544 5334 1632 5404 impiis
1641 5351 1733 5391 eorum
1745 5342 1873 5397 manibus
1887 5345 2004 5410 eederet,

1209 5422 1292 5478 adfuit
1306 5424 1351 5479 iile
1363 5440 1411 5493 per
1424 5439 1503 5494 quem
1519 5434 1687 5494 prestaretur
1695 5428 1734 5496 (o)
1745 5427 1863 5487 inuictus
1872 5452 1879 5486 :
1889 5439 2006 5505 suscepit

1208 5516 1356 5579 uictoriam,
1373 5525 1510 5584 postquam
1525 5517 1623 5571 nulium
1640 5527 1774 5573 certarnen
1791 5522 1910 5580 ulterius
1923 5543 2004 5582 rnna-

1209 5617 1294 5670 ncret,
1309 5622 1387 5677 quam
1400 5606 1433 5661 de
1442 5607 1491 5665 huc
1499 5607 1600 5663 scilieet
1618 5610 1716 5664 ntuttdo
1726 5621 1753 5664 et
1766 5611 1804 5667 de
1819 5617 1917 5671 mutuli
1931 5618 2003 5683 hujus

1208 5700 1327 5768 principe
1347 5709 1505 5770 reportaret.
1528 5700 1618 5755 attuit
1642 5703 1751 5756 otnniuo
1772 5702 1939 5762 fidelissimo
1959 5725 2003 5763 suo

1208 5793 1267 5848 testi
1276 5807 1359 5864 usque
1368 5792 1401 5846 ad
1413 5804 1525 5849 mortem
1539 5809 1587 5863 pro
1601 5794 1710 5848 ueritate
1721 5797 1847 5861 certanti,
1860 5796 1928 5854 fecit
1938 5801 2002 5870 qued

1208 5895 1332 5941 exoratus
1351 5883 1450 5951 fuerat,
1467 5886 1536 5941 eruit
1556 5886 1671 5940 animam
1693 5886 1751 5956 ejus
1772 5887 1809 5942 ab
1821 5888 1936 5960 impiis,
1951 5893 2000 5947 fra·

1204 5989 1294 6029 meam
1308 5987 1382 6027 suam
1399 5974 1431 6026 ab
1455 5976 1568 6055 inimicis
1587 5991 1680 6032 uranus
1697 5991 1763 6032 suc.
1782 5974 1869 6046 Cujus
1894 5982 2002 6037 rtcrrtes

1232 6083 1270 6143 fui
1284 6086 1505 6139 triumuiratum.
