4759 6684
355 543 393 597 ep
1081 527 1196 583 senne
1218 531 1283 587 t‘ttt.
1956 545 1989 603 qq

358 658 402 710 lac
416 649 480 716 dat,
494 665 542 720 per
553 661 663 704 curarent
677 645 813 716 trajicitur.
825 643 874 712 Qui
890 650 978 698 autem
994 641 1056 696 bnic
1076 639 1147 696 reri-

355 746 405 802 tati
419 741 616 807 contradicunt,
630 749 659 794 et
669 738 694 792 in
708 751 755 793 sua
764 736 881 791 sanitate
888 733 991 804 decepti
1002 732 1147 802 decipiunt,

354 852 431 893 rasse
453 841 516 888 sunt
540 830 648 885 muium
673 826 814 883 inferentes
835 826 953 889 auribus,
982 839 1035 879 riou
1059 824 1147 878 eibum

355 926 501 983 mentibus.
524 918 595 975 anui
615 917 731 988 denique
750 913 872 971 homines
893 913 1085 968 rationabiliter
1109 910 1149 966 lo·

357 1024 472 1086 queuntes
486 1031 493 1066 :
509 1009 571 1065 Noe
593 1017 654 1063 sunt
671 1005 776 1079 loquele
789 1021 867 1077 neque
886 1019 1020 1068 sementes,
1041 1017 1148 1073 quornm

359 1124 411 1161 ιιοιι
426 1104 561 1159 audiantur
579 1116 650 1155 seces
674 1114 762 1152 eorum
773 1113 782 1152 :
794 1095 841 1150 sed
866 1109 946 1150 uoces
969 1109 1021 1148 non
1037 1093 1146 1157 inanes;

357 1200 419 1269 quia
433 1198 458 1251 in
470 1209 570 1250 maneta
584 1201 678 1253 tarum
696 1189 756 1242 exiit
777 1203 853 1242 mnus
872 1201 976 1249 eorunr,
990 1192 1014 1238 et
1036 1183 1062 1236 iu
1084 1183 1147 1252 fines

356 1289 423 1343 orbis
437 1297 511 1341 terre
525 1283 597 1338 uerbo
607 1297 695 1336 eorum
706 1277 791 1351 (Paul.
804 1293 876 1340 xrttt,
892 1276 949 1346 lb).
968 1274 996 1329 st
1011 1282 1099 1328 autem
1119 1281 1147 1327 et

355 1394 435 1435 ranas
450 1378 514 1433 rise
527 1374 663 1443 contrario
673 1370 828 1439 intelligere,
840 1367 913 1421 illum
928 1381 1033 1421 versum
1046 1363 1146 1418 Psalmi

354 1470 465 1526 recole:
484 1466 556 1521 l‘unu
578 1465 655 1519 locuti
679 1471 736 1517 suut
757 1459 926 1530 unusquisqne
948 1457 982 1511 ud
1003 1457 1146 1529 proximum

352 1580 429 1618 suum
444 1561 532 1631 (Paul.
546 1574 583 1626 ιι,
598 1559 638 1628 3).
1063 1541 1065 1544 ⁴

390 1651 506 1709 catut
526 1649 654 1704 lll.-l.
677 1645 796 1701 Tertium
819 1653 998 1714 preceptum,
1019 1639 1146 1695 diceretur

353 1746 425 1799 diem
437 1743 534 1798 sublati
543 1740 702 1809 sanctificare
712 1753 767 1791 eum
780 1735 878 1810 (Ecod.
889 1751 935 1800 ιι,
952 1733 991 1803 8).
1017 1731 1045 1786 lu
1067 1732 1146 1787 tertio

352 1835 408 1888 isto
420 1839 555 1904 precepto
565 1829 712 1883 insinuatur
730 1824 852 1896 quedam
864 1822 1008 1878 vacabonis
1020 1821 1141 1887 indictio,

352 1942 417 1997 qnae
431 1923 574 1980 estconiis
597 1918 773 1990 tranquillitos
794 1932 826 1973 ac
848 1917 955 1982 meotis,
980 1930 1058 1985 quam
1080 1912 1145 1968 facit

352 2020 427 2074 bona
442 2014 611 2072 conscientia.
635 2010 673 2067 lbi
690 2008 880 2073 sanctificatio,
896 2006 958 2076 quia
977 2004 1012 2061 ibi
1030 2004 1145 2073 Spiritus

352 2111 414 2166 liei.
429 2104 645 2177 lleuiqneridete
661 2101 846 2163 vacationem,
865 2099 917 2153 boc
939 2104 990 2159 est,
1016 2095 1142 2166 quietem.

352 2200 440 2270 Super
451 2212 535 2266 qum,
557 2194 650 2264 inquit,
666 2192 803 2262 requiescet
814 2188 927 2259 Spiritus
949 2185 1039 2240 meur?
1058 2184 1143 2254 Super

351 2289 474 2343 tenuem
500 2295 524 2339 et
541 2285 650 2353 quietem
673 2292 698 2336 et
720 2287 864 2335 trententern
888 2277 962 2331 verbu
983 2291 1039 2330 mee
1068 2272 1143 2346 (lsai.

356 2395 430 2443 ιιιι,
444 2376 486 2449 2).
508 2374 619 2445 inquieti
642 2387 706 2442 ergo
719 2371 840 2427 resiliunt
860 2369 894 2424 ab
912 2368 1012 2439 Spiritu
1034 2375 1142 2434 sancto,

350 2473 474 2525 rixarum
490 2474 641 2530 ornatores3
657 2461 847 2518 calumniarum
869 2459 1055 2524 seminatores,
1076 2471 1143 2511 coa-

352 2562 569 2630 tentionisquam
580 2554 699 2612 recitatis
715 2552 874 2623 cupidiores,
891 2548 1072 2621 inquietudine
1094 2561 1143 2601 sua

352 2668 407 2706 noo
433 2649 467 2704 ad
485 2665 515 2704 se
535 2647 679 2702 admittunt
699 2643 815 2714 quietem
839 2640 942 2696 sabbati
968 2637 1142 2719 spiritualem.

351 2745 453 2799 llomra
476 2743 585 2796 istorum
607 2736 816 2808 inquietudinem
832 2734 948 2802 dicitur,
970 2739 1095 2801 tauquam
1115 2737 1144 2784 ut

351 2834 493 2887 sabbatum
509 2831 624 2886 babeant
639 2830 665 2883 in
685 2825 766 2882 corde
778 2823 1014 2880 sanctificationem
1028 2821 1143 2889 Spiritus

350 2924 421 2979 tter:
437 2922 506 2986 Esto,
521 2921 615 2992 inquit,
626 2926 771 2972 nruasuctus
782 2915 816 2969 ud
827 2913 980 2968 audiendum
991 2912 1102 2977 cebant,
1116 2919 1144 2964 ιιι

350 3017 479 3087 intelliqur
510 3013 602 3087 (dccli.
634 3029 667 3079 ιι,
694 3012 749 3082 ts).
775 3009 843 3076 Quid
857 3008 1039 3063 intellecturus
1066 3009 1143 3062 suun?

350 3110 437 3163 ὀοιιιιι
452 3109 594 3173 dicentem,
609 3103 690 3161 Cessa
710 3104 743 3157 ab
765 3091 946 3173 inquietudine
967 3109 1026 3165 tua,
1042 3100 1143 3154 nonsit

349 3200 482 3254 carmultus
497 3198 603 3269 qnidam
616 3197 642 3250 in
656 3195 808 3260 cordetuo,
825 3208 872 3263 per
887 3191 1083 3260 corruptionem
1097 3203 1143 3242 ro-

349 3291 490 3346 lituntibns
506 3286 733 3359 phantasmatibus
747 3293 775 3340 et
783 3281 1022 3352 compungentibus
1034 3289 1060 3335 te
1070 3299 1077 3334 :
1089 3295 1142 3337 nea

349 3386 398 3439 sit.
422 3382 461 3436 lta
482 3381 554 3436 cuim
569 3381 652 3435 [ιιιιιι
678 3376 861 3432 intellecturus
880 3389 909 3429 es
930 3372 1062 3427 dicentem
1079 3370 1141 3438 tibi,

355 3475 461 3538 Vertite,
474 3473 586 3528 etuidete
598 3472 716 3541 quonium
737 3483 782 3539 eqo
804 3481 860 3521 stent
882 3463 952 3519 Deus
966 3461 1058 3535 (Paul.
1081 3477 1141 3526 ιιι,

350 3566 409 3637 ll).
426 3566 464 3620 Tu
478 3580 526 3635 per
540 3559 748 3633 inquietudinem
763 3572 859 3613 vacare
882 3570 935 3611 non
958 3556 1008 3621 ris,
1030 3561 1142 3609 conten-

349 3659 457 3712 tionum
478 3667 581 3709 tuarum
606 3652 778 3721 coemptione
797 3658 927 3710 cecatus.
951 3647 1035 3717 exigis
1052 3644 1143 3701 ridere

325 3778 330 3783 -
347 3746 423 3816 quod
440 3761 492 3798 non
506 3754 591 3813 pons.
605 3741 720 3797 attende
735 3741 806 3795 enim
822 3748 849 3794 ct
861 3739 1021 3794 contrariam
1037 3738 1141 3793 tertiam

348 3837 457 3905 plagam
469 3833 529 3887 lruie
540 3841 671 3903 precepto
686 3831 773 3886 tertio.
788 3829 927 3900 Sciuipbes
947 3837 1016 3884 natae
1030 3836 1093 3883 sunt
1115 3827 1141 3881 in

348 3938 424 3982 terra
440 3924 547 3997 AEgppti
562 3924 598 3978 de
617 3924 682 3978 limo
701 3922 797 3996 (used.
813 3937 868 3987 ιιιι,
883 3921 944 3990 lit:
958 3935 1056 3974 muscae
1069 3933 1142 3990 quec-

348 4020 414 4075 uam
438 4029 500 4074 suat
525 4015 719 4082 minutissime,
748 4013 967 4082 inquietiselmte,
993 4010 1142 4065 inordinate

348 4112 504 4176 volitantes,
519 4109 546 4164 iu
560 4108 652 4164 oeulos
671 4107 814 4170 irruentes,
832 4120 884 4160 non
896 4104 1080 4175 permittentes
1094 4102 1142 4156 bo-

348 4202 452 4256 minem
474 4200 627 4271 quiescere,
646 4198 711 4252 dum
730 4197 872 4266 abiguntur
891 4202 918 4249 et
939 4194 1052 4260 irruunt,
1078 4194 1140 4248 dum

347 4293 454 4348 abactae
477 4289 788 4357 mredcnnusicut
807 4288 915 4342 onmino
937 4301 1005 4341 rana
1030 4286 1141 4356 plicata·

348 4396 438 4440 sanata
448 4384 537 4440 cordis
549 4383 785 4439 contentiosorum.
795 4379 896 4435 'leuete
906 4387 1078 4450 praeceptum,
1091 4395 1137 4433 ca-

349 4486 412 4530 rete
428 4475 541 4546 plagam.

385 4566 500 4622 uucu't
521 4563 601 4621 tt.-
612 4565 637 4620 5.
652 4565 779 4633 Quartum
792 4570 953 4633 preceptum
965 4570 1016 4626 est,
1032 4561 1139 4616 lirum-o

348 4669 449 4727 putrem
461 4670 542 4724 urruns,
555 4665 579 4710 et
590 4669 695 4710 uentrem
707 4665 777 4709 tuem
796 4653 850 4727 (ld.
865 4669 910 4719 ιι,
930 4651 984 4726 ld).
999 4654 1065 4708 lluie
1077 4669 1141 4708 eon·

350 4750 432 4805 traria
443 4759 537 4820 quarta
551 4748 737 4820 AEgyptiornm
747 4747 821 4816 plaga
834 4760 947 4813 europeia
961 4753 1001 4800 est
1011 4743 1067 4814 (ld.
1083 4760 1137 4811 ιιιι,

348 4841 407 4903 24).
419 4839 488 4905 Quid
501 4849 542 4894 cst
553 4837 682 4906 :auguret
692 4836 793 4892 Canius
807 4850 898 4890 musca
911 4853 918 4890 :
933 4850 1048 4906 graccum
1063 4850 1140 4889 roca-

348 4933 445 4985 lnslum
467 4940 518 4986 est.
542 4927 672 4985 Cuninum
691 4935 734 4983 est
756 4937 881 4997 parentes
906 4941 957 4980 non
985 4939 1138 4995 agnoscere.

347 5022 423 5078 llibil
437 5031 490 5076 tom
515 5022 650 5087 caninum,
673 5035 752 5090 quam
776 5018 896 5074 camilli
921 5017 965 5089 qni
981 5031 1138 5088 genrtcrnnt,

348 5132 405 5169 eon
420 5121 610 5183 agnoscuntur.
635 5110 729 5166 llerito
742 5125 807 5181 erqo
820 5118 848 5165 et
861 5109 941 5165 catuli
962 5125 1058 5165 canum
1076 5113 1139 5164 ceci

349 5213 508 5258 irascuntur.

385 5295 501 5352 CAPUT
522 5294 553 5348 ι’.
566 5324 602 5335 -
616 5294 642 5349 d.
668 5293 794 5363 Quintum
813 5304 974 5365 preceptum
1000 5301 1059 5357 est,
1080 5291 1140 5346 Nou

348 5384 586 5456 mactericus.
613 5401 656 5449 ιι,
672 5387 729 5454 ll).
750 5383 847 5451 Quinta
872 5384 946 5454 plaga
963 5392 1005 5438 est
1026 5397 1098 5437 mors
1113 5383 1139 5436 in

348 5498 448 5556 gaeon
470 5477 654 5551 AEgyptiorum
677 5476 733 5547 (ld.
758 5493 794 5542 ιι,
817 5476 854 5547 li).
876 5475 1089 5546 comparemus:
1106 5475 1139 5529 da

348 5576 486 5632 treminero
501 5576 509 5608 ¹
526 5569 655 5628 moeebari
668 5569 851 5635 meditantem,
873 5568 996 5638 conjugio
1010 5583 1061 5623 non
1074 5582 1140 5622 con-

350 5676 454 5721 tentum
471 5679 521 5720 sno
534 5682 541 5717 :
556 5661 702 5731 appetitum
728 5662 868 5729 quemdam
888 5660 976 5714 carnis
998 5661 1023 5713 in
1043 5675 1072 5714 se
1093 5663 1141 5713 dur·

350 5773 488 5812 marcaon
503 5754 577 5820 rnlt,
592 5755 638 5824 qui
656 5761 698 5808 est
710 5751 787 5807 nobis
807 5752 999 5823 pecoribusque
1023 5767 1101 5807 corum
1112 5765 1140 5805 n·

369 5883 379 5914 ¹
396 5881 469 5932 ttaus
479 5893 513 5935 ιιι
523 5886 572 5944 ,ud
586 5884 712 5956 berctum
724 5883 838 5950 ludentque
848 5886 927 5938 codex
940 5886 964 5936 in
975 5889 1083 5952 margine
1100 5888 1141 5940 lta·

345 5951 413 6007 bet:
430 5961 439 5992 t
460 5948 510 6010 tel,
526 5950 558 5999 tfu
569 5947 713 5999 immam.»

1204 643 1255 698 nis.
1271 645 1377 702 Etenim
1391 655 1567 711 concumbere
1582 664 1607 711 et
1621 673 1758 729 genemcc,
1772 665 1850 720 etiam
1865 681 1990 737 pecorum

1203 743 1244 788 est
1254 751 1261 801 ;
1273 739 1440 808 ratiocinari,
1455 743 1613 817 intelligere,
1629 750 1770 808 bummnnn
1781 766 1831 811 est.
1845 757 1905 817 ideo
1920 767 1992 819 ratio

1202 829 1394 897 qurcpresidet
1408 833 1434 887 in
1448 845 1547 904 mente,
1564 849 1650 895 motus
1664 842 1804 900 inferiores
1816 854 1914 913 camis,
1928 865 1988 906 rarr-

1202 931 1280 984 quam
1294 934 1407 990 regnans
1420 935 1444 978 ct
1458 925 1597 983 dominans
1612 932 1715 988 frenare
1727 936 1815 1004 debet,
1831 954 1882 994 non
1897 943 1990 997 immo·

1201 1006 1293 1062 derate
1305 1019 1331 1064 et
1343 1011 1432 1087 illicite
1445 1018 1542 1085 passini
1554 1035 1671 1092 vageque
1685 1024 1783 1081 lauare.
1800 1028 1913 1101 ldcnqne
1924 1034 1989 1102 ipsis

1201 1101 1339 1168 pecoribus
1352 1114 1444 1160 natura
1457 1108 1546 1163 dattnn
1566 1124 1616 1178 cst,
1637 1115 1793 1172 instituente
1805 1121 1941 1189 Creatore,
1958 1138 1986 1178 nt

1201 1204 1254 1244 non
1278 1204 1433 1250 moveamur
1453 1199 1486 1252 ad
1511 1200 1623 1256 feminus
1645 1206 1719 1261 etad
1741 1210 1922 1279 concubitum,
1937 1215 1988 1269 nii

1200 1281 1279 1335 certis
1303 1287 1484 1354 temporibus:
1500 1305 1585 1361 neque
1608 1294 1679 1348 enim
1700 1299 1803 1352 ratione
1826 1315 1856 1355 se
1881 1303 1989 1359 cobibct

1199 1373 1251 1426 alio
1264 1383 1480 1448 temporepeens,
1494 1382 1540 1438 sed
1553 1386 1661 1440 omnino
1674 1389 1732 1458 ipso
1742 1401 1813 1446 motu
1829 1392 1988 1464 frigescente

1200 1469 1333 1535 torpescit.
1350 1469 1435 1526 llomo
1460 1484 1547 1530 antem
1568 1475 1627 1531 idco
1648 1493 1754 1548 semper
1776 1485 1875 1538 rnoreri
1888 1493 1986 1553 potest,

1198 1555 1440 1624 qniaetrefrenare
1455 1574 1555 1620 motmn
1578 1577 1673 1637 potest.
1699 1569 1758 1625 Tibi
1778 1572 1986 1630 dominationem

1199 1648 1308 1705 rationis
1327 1650 1437 1709 Creator
1456 1656 1550 1718 dedit:
1576 1659 1623 1714 tibi
1649 1672 1781 1732 precepta
1802 1667 1984 1731 continente,

1199 1747 1322 1811 tanqruam
1335 1744 1360 1798 in
1376 1743 1474 1802 bestias
1499 1747 1640 1806 inferiores
1654 1751 1719 1816 lora,
1740 1757 1882 1809 concessit.
1897 1755 1987 1812 l'enes

1198 1838 1226 1883 tu
1238 1831 1306 1900 qnod
1323 1849 1403 1902 pecus
1414 1852 1465 1890 tion
1477 1847 1578 1906 potest3
1592 1849 1619 1894 ct
1630 1841 1689 1896 ideo
1700 1857 1794 1911 speras
1809 1853 1836 1898 tn
1851 1846 1921 1914 quod
1935 1861 1984 1915 pc·

1197 1933 1244 1975 cus
1257 1938 1310 1977 non
1326 1933 1422 1994 potest.
1449 1928 1566 1986 Laboras
1580 1932 1742 2002 aliquantum
1757 1936 1783 1989 in
1807 1938 1984 2006 coritinendo,

1197 2025 1249 2065 noa
1261 2013 1363 2069 laborat
1376 2031 1455 2085 pecns
1467 2037 1473 2071 :
1486 2019 1533 2074 sed
1546 2022 1672 2090 gaudebis
1683 2041 1788 2094 semper
1799 2027 1824 2080 in
1837 2031 1987 2086 eternitate

1196 2100 1229 2154 ad
1243 2117 1322 2172 quam
1338 2120 1388 2161 nou
1399 2110 1521 2177 pervenit
1534 2125 1622 2180 grecus.
1638 2112 1665 2167 Si
1680 2130 1747 2184 opus
1760 2117 1866 2187 fatigat,
1881 2134 1983 2174 nterces

1195 2193 1348 2249 consoletur
1361 2213 1367 2247 :
1379 2207 1406 2250 ct
1421 2197 1476 2267 ipsa
1487 2200 1556 2254 enim
1568 2202 1690 2271 patientia
1704 2214 1744 2258 est
1758 2206 1909 2260 interiorem
1926 2224 1988 2260 orn·

1197 2289 1251 2337 tum
1264 2282 1383 2354 frenare,
1394 2297 1421 2342 ct
1433 2290 1504 2358 qumi
1520 2290 1601 2347 babes
1621 2308 1762 2350 comnmne
1783 2312 1843 2350 eum
1868 2313 1981 2370 pecore,
2042 2356 2047 2366 ,

1196 2384 1384 2447 nonunquam
1400 2394 1480 2448 pecus
1502 2382 1527 2436 in
1551 2385 1640 2437 omnia
1662 2384 1761 2441 laxare.
1777 2387 1852 2453 erod
1874 2389 1896 2441 si
1918 2403 1983 2442 con·

1197 2465 1337 2532 tempseris
1350 2475 1384 2530 te,
1399 2474 1426 2520 ct
1444 2469 1469 2521 in
1487 2478 1511 2523 te
1533 2470 1673 2540 imaginem
1689 2473 1750 2526 liei¹
1768 2474 1793 2526 in
1807 2490 1858 2544 qna
1873 2477 1933 2529 fcerit
1948 2489 1985 2546 te,
2032 2476 2035 2485 “

1196 2554 1364 2624 neglexeris,
1387 2557 1471 2613 rictus
1493 2561 1635 2631 eupiditate
1660 2564 1852 2620 insinuatarum
1876 2583 1981 2634 rerum,

1197 2653 1319 2714 tanquam
1334 2648 1432 2702 antisse
1455 2649 1561 2706 bomine
1582 2653 1635 2707 eris
1650 2669 1748 2724 peens;
1764 2672 1815 2711 non
1834 2659 1908 2727 quasi
1921 2674 1987 2714 coa·

1196 2750 1291 2791 uersrrs
1306 2737 1331 2791 in
1345 2746 1464 2794 naturam
1480 2745 1597 2812 pecoris,
1610 2747 1655 2801 scd
1671 2746 1697 2801 in
1713 2747 1827 2802 bominis
1842 2750 1925 2804 forma
1939 2753 1985 2805 lm·

1195 2826 1261 2881 bens
1271 2828 1469 2885 similitudinem
1482 2836 1599 2903 pecoris,
1623 2838 1667 2906 qni
1682 2854 1734 2891 non
1749 2839 1825 2892 audis
1835 2833 1983 2908 dicentem,

1196 2916 1283 2974 Nolite
1294 2936 1348 2976 esse
1359 2922 1424 2976 sicut
1436 2939 1513 2993 equus
1527 2934 1549 2977 et
1562 2927 1659 2990 nrrrlns,
1676 2945 1725 2982 aon
1749 2929 1866 2984 lrabentes
1883 2931 1984 2984 intelle·

1195 3017 1262 3064 etum
1278 3010 1363 3084 (Paul.
1379 3030 1451 3079 ιιιι,
1464 3016 1503 3085 9).
1515 3015 1568 3072 Sed
1586 3019 1652 3074 forte
1666 3021 1741 3091 eligis
1753 3023 1799 3076 tibi
1813 3038 1873 3078 esse
1886 3039 1982 3092 precius,

1195 3111 1221 3157 et
1233 3102 1315 3157 libera
1328 3106 1414 3175 sagari
1436 3107 1554 3174 libidine,
1570 3111 1639 3162 nulla
1654 3111 1712 3181 lege
1734 3114 1879 3181 appetitum
1894 3116 1982 3168 earnis

1195 3192 1227 3246 ud
1240 3194 1429 3250 continentiam
1446 3199 1613 3253 refrenando.
1631 3202 1746 3257 littende
1760 3205 1881 3274 plagam:
1898 3208 1919 3260 sl
1936 3222 1983 3275 pe·

1194 3299 1241 3340 cus
1255 3301 1379 3342 essenon
1396 3289 1482 3355 times,
1494 3291 1587 3344 saltem
1599 3293 1666 3347 orori
1681 3294 1743 3348 tiene
1758 3296 1778 3346 ¹.

1229 3373 1342 3432 CAPUT
1357 3377 1398 3431 Vl.
1410 3409 1445 3418 -
1455 3380 1481 3432 l.
1501 3380 1609 3435 Sextum
1626 3393 1796 3453 preceptum,
1813 3384 1872 3440 Non
1886 3387 1983 3443 occides

1196 3463 1292 3534 (Exodi
1313 3483 1357 3533 ιι,
1369 3468 1425 3538 lii).
1439 3468 1518 3523 Sexta
1541 3471 1633 3541 plaga,
1649 3474 1760 3540 postulae
1783 3476 1809 3530 in
1827 3491 1937 3545 corpore
1956 3487 1982 3532 et

1194 3555 1290 3610 vesicae
1304 3558 1444 3614 bullientes
1460 3568 1487 3614 ct
1500 3562 1683 3629 scaturientes,
1704 3574 1730 3619 et
1751 3566 1871 3621 incendia
1891 3569 1984 3623 vnlne-

1193 3658 1253 3698 rum
1273 3660 1305 3701 ex
1321 3646 1406 3702 facilia
1420 3648 1534 3705 fornacis
1551 3649 1604 3720 (ld.
1620 3668 1657 3720 ιι,
1675 3652 1728 3723 tu).
1746 3655 1824 3710 Tales
1845 3667 1906 3712 sunt
1923 3660 1983 3712 ani·

1195 3749 1245 3788 me
1261 3735 1445 3804 homicidales;
1459 3740 1552 3796 ardent
1568 3742 1616 3805 ira,
1630 3744 1688 3811 qnia
1706 3759 1752 3812 per
1768 3746 1832 3800 iram
1846 3747 1981 3803 homicidii

1193 3824 1344 3882 fraternitas
1366 3829 1487 3899 deperiit.
1509 3832 1610 3887 Ardent
1633 3834 1752 3888 bomines
1773 3837 1819 3900 ira,
1842 3838 1937 3892 ardent
1955 3849 1982 3894 et

1193 3918 1277 3986 gratia
1293 3935 1300 3969 :
1316 3917 1363 3972 scd
1376 3919 1444 3973 alius
1457 3930 1497 3974 est
1509 3921 1596 3975 ferror
1610 3923 1739 3989 sanitatis,
1755 3926 1823 3978 alius
1840 3924 1928 3982 ferror
1938 3930 1981 3984 ul·

1193 4010 1272 4063 ceris.
1286 4009 1417 4066 Ardentes
1432 4011 1535 4082 papule
1555 4029 1602 4083 per
1617 4022 1699 4068 totum
1719 4025 1846 4088 concepta
1867 4019 1982 4076 bomiri·

1193 4100 1236 4155 dia
1256 4111 1368 4168 seirent,
1383 4112 1412 4157 et
1425 4118 1518 4158 sanum
1539 4119 1590 4158 noo
1614 4115 1654 4160 cst
1671 4125 1677 4158 :
1694 4105 1789 4173 ferret,
1815 4110 1861 4164 sed
1881 4128 1933 4165 mm
1948 4112 1982 4166 de

1193 4190 1293 4263 Spiritu
1305 4194 1362 4248 liei.
1378 4193 1444 4248 Nam
1457 4195 1536 4265 etqui
1549 4197 1606 4251 vult
1618 4197 1768 4262 subuenire,
1784 4198 1885 4262 terroe
1898 4202 1980 4269 etqui

1191 4284 1248 4339 uult
1263 4284 1396 4351 occidere,
1413 4285 1499 4340 ferret
1514 4305 1520 4341 :
1535 4286 1579 4341 ille
1593 4297 1736 4357 precepto,
1751 4289 1800 4342 iste
1814 4291 1921 4354 morbo;
1937 4291 1983 4346 ille

1192 4375 1269 4432 bonis
1283 4377 1417 4446 operibus,
1437 4377 1487 4431 iste
1508 4378 1620 4432 saniosis
1639 4378 1781 4432 ulceribus.
1803 4379 1830 4434 Si
1844 4395 1983 4448 possemus

1191 4467 1281 4522 ridere
1291 4467 1392 4520 anituas
1404 4465 1604 4533 homicidarum,
1620 4468 1678 4536 plus
1692 4469 1886 4539 plangeremus,
1902 4487 1980 4541 quam

1192 4556 1369 4626 putrescentia
1381 4570 1491 4625 corpora
1504 4557 1692 4611 ulceratorum.

1227 4647 1339 4703 CAPUT
1358 4645 1491 4701 vlt-8.
1512 4646 1647 4717 Sequitur,
1660 4648 1849 4718 Norufarobert's
1869 4649 1923 4722 (tat.
1935 4667 1979 4718 ιι,

1193 4739 1250 4808 lii),
1262 4747 1421 4808 preceptum
1437 4738 1578 4807 septimum
1595 4755 1602 4792 :
1616 4749 1643 4794 et
1655 4739 1730 4809 plaga
1744 4741 1867 4809 septima,
1880 4743 1982 4812 gramlo

1192 4831 1219 4886 ia
1234 4830 1360 4885 teretibus
1374 4829 1427 4900 (td.
1439 4845 1476 4894 ιι,
1488 4829 1534 4895 23,
1549 4830 1607 4901 at).
1623 4829 1698 4896 Quuod
1711 4841 1804 4886 cotnra
1819 4842 1980 4903 preceptum

1191 4923 1327 4987 subducis,
1342 4922 1376 4976 de
1391 4923 1460 4978 ‹oelo
1473 4922 1573 4992 perdis.
1584 4922 1667 4976 Nemo
1677 4923 1748 4978 enim
1761 4924 1840 4979 babet
1853 4924 1981 4995 injustum

1193 5014 1295 5068 lucrum
1310 5013 1368 5066 sine
1383 5014 1455 5080 justo
1469 5012 1576 5067 damno.
1595 5012 1674 5067 Verlri
1693 5013 1788 5082 gratia,
1803 5015 1848 5083 qui
1867 5014 1979 5080 furatur,

1191 5107 1304 5176 acquirit
1324 5114 1441 5170 restem;
1462 5105 1508 5159 sed
1530 5105 1633 5160 eoelesti
1647 5104 1748 5174 judicio
1771 5107 1867 5162 amittit
1889 5108 1979 5162 ladem.

1194 5194 1243 5250 Ubi
1258 5197 1370 5260 luerunt,
1387 5194 1422 5246 ibi
1442 5194 1586 5258 damnum;
1610 5194 1747 5249 visibiliter
1759 5195 1870 5260 lucrum,
1887 5196 1979 5252 invisi·

1193 5286 1281 5341 billter
1290 5284 1415 5338 damnum
1430 5302 1436 5337 :
1452 5284 1553 5338 lucrum
1568 5285 1602 5339 de
1612 5300 1659 5339 sna
1670 5285 1797 5349 cecitate,
1810 5285 1934 5341 damnum
1946 5288 1980 5342 de

1194 5376 1298 5432 bonnm
1319 5375 1397 5430 nunc.
1419 5375 1509 5444 Neque
1526 5375 1597 5428 enim
1618 5372 1715 5444 aliquid
1730 5374 1787 5429 sine
1804 5375 1980 5445 prouidentia,

1193 5468 1353 5524 charissimi.
1366 5469 1417 5521 ant
1431 5467 1733 5536 tempestatesque
1746 5469 1882 5536 patiuntur
1894 5469 1980 5526 bemi-

1194 5576 1251 5624 ues,
1267 5558 1416 5613 dor-uniente
1433 5559 1485 5611 beo
1500 5558 1574 5627 quati?
1587 5557 1689 5611 l‘assim
1703 5557 1825 5613 ridentur
1840 5559 1896 5612 froci
1912 5559 1981 5624 luce,

1195 5652 1279 5707 nubes
1298 5652 1396 5721 colligi,
1417 5650 1516 5705 imbres
1531 5649 1640 5714 int'nndi,
1658 5650 1813 5720 grandinem
1829 5650 1892 5718 jaci,
1909 5652 1979 5706 toni·

1226 5768 1239 5837 ¹·
1246 5766 1283 5816 sle
1290 5766 1339 5816 duo
1350 5772 1402 5815 uss
1415 5771 1442 5814 tt
1455 5767 1521 5824 editi,
1533 5771 1702 5829 rorrtrmpserrs
1712 5768 1734 5812 te
1745 5759 1770 5811 r‘n
1781 5768 1812 5822 te,
1823 5769 1845 5812 et
1855 5761 1981 5828 inurqirrsur

1195 5835 1314 5936 ”qualite
1327 5887 1351 5937 si
1363 5900 1435 5951 pecie
1445 5900 1479 5945 es,
1491 5898 1537 5934 ιιοιι
1548 5885 1634 5947 timcs;
1645 5883 1728 5934 saltem
1740 5883 1801 5935 nturi
1812 5885 1886 5936 ιιιιι-ι.

1227 5951 1238 5986 ⁸
1250 5949 1317 6000 ueluti:
1333 5957 1374 5999 ,ιιι
1386 5946 1479 5999 crertt're
1490 5948 1585 6011 putatis.
