4759 6684
384 482 452 551 tan

383 597 446 652 rnini
461 594 535 649 uubis
548 594 648 663 dicere,
664 592 786 648 Dominus
797 589 882 646 ierus.
900 590 933 644 Et
947 589 1015 644 inrtc
1029 605 1082 645 uun
1102 588 1179 642 iutui-

385 688 498 759 bpautcs
520 686 656 741 attenditis
678 685 711 739 ad
733 683 759 739 id
781 682 851 753 ninid
866 677 1009 755 Apostolus
1029 676 1181 739 aittNrnto

379 769 459 844 ¹dicit,
473 772 595 830 Dominus
609 773 694 839 demta,
709 775 758 829 nisi
769 775 796 828 in
810 773 910 844 Spiritu
922 780 1010 827 sancta
1025 770 1046 845 (i
1060 768 1120 827 Cur.
1133 786 1179 837 au,

386 868 436 941 5).
452 866 506 945 Sed
519 866 571 922 buc
586 867 656 938 quod
672 867 719 931 ait,
739 865 811 931 dicit,
833 862 935 937 signate
955 861 1071 934 positum
1091 858 1140 928 est,
1155 860 1183 951 'ct

386 944 494 1031 proprio
509 955 624 1028 quodam
637 956 724 1012 ruoilo.
739 954 822 1011 Nemo
834 954 905 1011 cuim
919 955 990 1018 dicit,
1005 950 1182 1011 Dominus-‘e-

385 1038 438 1115 ιιι,
454 1052 503 1107 nisi
517 1053 543 1109 iu
558 1050 657 1120 Spiritu
669 1057 755 1104 surrcta
767 1067 776 1104 :
787 1046 834 1104 sed
848 1046 871 1102 si
885 1047 945 1119 dicit
955 1046 1042 1113 iretis,
1054 1062 1106 1103 nou
1118 1046 1183 1103 solis

386 1143 485 1199 uerbis.
497 1141 564 1199 Nam
576 1149 686 1211 possunt
700 1140 800 1207 dicere,
816 1137 939 1193 Dominus
952 1136 1038 1203 iesus,
1054 1139 1134 1193 etiam
1148 1126 1182 1193 dn

386 1235 484 1307 quibus
499 1235 542 1299 ait,
560 1234 622 1299 erra
637 1234 734 1300 dictant,
750 1232 826 1306 [urite
835 1248 845 1298 ,·
857 1236 1009 1303 quoeuutem
1020 1229 1126 1304 iaciunt,
1139 1232 1154 1303 f
1169 1259 1182 1270 ·

387 1340 444 1380 cere
458 1325 533 1378 rrotite
548 1322 652 1394 (dimtb.
666 1339 740 1388 aruit,
750 1320 790 1397 5).
804 1320 903 1378 Omnes
917 1319 1045 1385 haereses,
1057 1336 1122 1389 quas
1133 1319 1184 1373 uti·

388 1430 441 1485 que
451 1417 531 1470 etiarn
543 1427 590 1468 ros
601 1413 766 1484 improbatis,
781 1412 881 1477 dicunt,
895 1409 1020 1465 Dominus
1033 1408 1117 1465 bruis.
1129 1408 1183 1464 Nec

379 1508 479 1576 ,utique
493 1513 680 1576 segregaturus
693 1517 734 1559 est
748 1504 781 1559 dc
797 1490 881 1575 regno
897 1503 1026 1559 coeiorum
1040 1517 1100 1567 eos,
1115 1517 1183 1574 quus

388 1596 519 1653 intenuit
533 1598 559 1652 in
572 1597 670 1667 Spiritu
691 1607 800 1661 sancto;
816 1606 843 1652 ct
856 1604 945 1651 tarnen
959 1594 996 1649 ait
1006 1613 1013 1649 :
1024 1592 1087 1648 Non
1101 1592 1183 1649 onnus

362 1662 431 1770 faui
443 1688 503 1743 utcu
518 1689 591 1757 ntiiri,
604 1687 720 1752 Duruine,
735 1687 850 1757 Domine,
862 1685 966 1742 intrabit
979 1686 1010 1769 iu·
1018 1702 1123 1761 reprcunt
1135 1701 1183 1753 cte·

380 1779 482 1857 ¹iorum.
493 1777 547 1836 Sed
562 1778 644 1834 Nauio
658 1780 728 1846 dicit,
740 1779 865 1834 Dominus
878 1777 964 1845 iesus,
979 1779 1027 1833 nisi
1043 1779 1070 1832 iu
1085 1776 1185 1847 Spiritu

373 1854 476 1926 ''rancto
488 1885 498 1925 .·
509 1883 588 1925 acmo
601 1870 690 1940 ptaue,
702 1870 749 1925 scd
764 1886 797 1926 eo
815 1870 960 1941 modoque
976 1870 1075 1927 dictum
1091 1878 1141 1936 cst,
1158 1869 1185 1926 id

378 1970 433 2018 'est
446 1962 531 2017 iactis.
546 1961 622 2019 Unde
636 1971 745 2018 secutus
759 1963 899 2034 adjunxit:
915 1962 968 2018 Sed
980 1963 1056 2037 isqui
1069 1963 1131 2035 [urit
1143 1980 1186 2017 uo·

391 2052 514 2107 iuututem
536 2052 620 2108 Putris
641 2054 699 2119 urei,
718 2054 763 2125 qui
781 2054 807 2108 in
825 2053 893 2109 roeiia
911 2062 958 2120 eat,
970 2054 1026 2126 ipra
1039 2054 1142 2109 intrabit
1159 2053 1186 2109 iu

389 2160 496 2217 repnuru
517 2146 637 2200 coeiorurn
653 2145 707 2217 (id.
720 2160 766 2213 un,
780 2146 837 2219 et).
857 2145 925 2200 Dicit
943 2145 1015 2201 euim
1032 2144 1108 2201 etde
1125 2144 1186 2218 qui·

392 2235 504 2291 busdam
527 2236 597 2293 iriem
620 2238 767 2308 apostotus,
783 2235 940 2306 Confitentur
961 2254 987 2292 ae
1006 2254 1078 2292 norae
1092 2234 1185 2305 Deion,

392 2326 468 2399 furtis
484 2336 566 2383 aruern
581 2341 672 2402 repunt
686 2328 748 2400 (ru.
762 2345 780 2397 r,
794 2329 847 2397 itt).
859 2328 1088 2397 Quemadmodum
1103 2345 1186 2403 aega·

395 2429 438 2473 tur
456 2418 543 2489 iactis,
563 2421 602 2476 sic
620 2421 716 2475 dicitur
731 2420 815 2475 iactis.
828 2421 883 2475 lice
900 2420 980 2475 modo
994 2420 1098 2476 dicendi
1113 2437 1187 2475 nemo

390 2511 463 2575 uictu,
480 2510 603 2566 Dominus
622 2509 708 2579 iesus,
729 2511 779 2565 nisi
799 2511 826 2564 iu
848 2510 949 2581 Spiritu
968 2520 1064 2567 sancto.
1079 2510 1107 2568 Si
1121 2525 1187 2582 erga

390 2601 486 2656 inritati
498 2615 551 2656 nou
562 2601 740 2666 accesseritis,
751 2602 922 2671 segregantes
932 2600 1119 2671 nosmetipsos,
1130 2601 1187 2656 ani·

381 2692 475 2748 maius
495 2692 580 2756 eritis,
593 2691 721 2761 Spiritum
736 2692 791 2745 nou
812 2689 949 2746 babentes.
968 2688 996 2746 Si
1016 2700 1104 2746 autem
1127 2690 1187 2748 dcte

379 2784 571 2853 accesseritis,
584 2781 697 2852 Spiritus
708 2789 810 2837 sanctur
821 2780 964 2853 discipline
978 2780 1081 2854 spupiet
1099 2783 1187 2852 fictum

338 2942 344 2952 ι
391 2876 401 2947 (
415 2875 480 2944 Sup.
492 2890 511 2936 ι,
525 2856 573 2948 iii.
589 2873 663 2929 Tunc
673 2856 736 2944 ergo
750 2889 797 2929 ros
810 2881 931 2929 sanctum
943 2872 1072 2944 Spiritum
1087 2873 1186 2932 babere

390 2969 555 3041 cognoscito,
578 2967 686 3039 quando
709 2964 826 3023 mentem
848 2978 963 3023 vestram
984 2982 1032 3037 prr
1055 2966 1187 3023 sinceram

382 3056 551 3118 'charitatem
565 3061 662 3116 unitati
677 3060 868 3116 consenseritis
882 3059 995 3116 irerere.
1009 3059 1072 3116 iimc
1088 3061 1127 3116 cis
1141 3075 1187 3119 re·

385 3151 816 3225 spondeamusdicentibus,Quid
825 3150 960 3222 accepturi
969 3153 1075 3207 sumus!
1085 3165 1188 3225 nosque

390 3247 473 3316 ipsos,
489 3244 594 3310 iratres,
608 3243 759 3315 exemplum
776 3243 830 3299 iliis
843 3242 974 3298 bonoram
990 3256 1101 3314 operum
1118 3254 1186 3315 prtu-

389 3336 510 3403 bcamns,
525 3350 575 3390 nec
589 3334 650 3404 ouria
664 3345 766 3391 sumus
781 3332 977 3404 superbiemus,
990 3347 1041 3389 nce
1051 3332 1085 3389 de
1094 3333 1187 3404 iacen-

390 3427 461 3482 tibus
473 3426 656 3498 desperantes.

625 3536 738 3593 sumto
757 3535 871 3592 CCLXX
886 3538 895 3560 ⁶
911 3536 960 3608 (a).

606 3635 629 3676 tn
646 3627 687 3677 die
704 3634 873 3690 renteuosttu,
892 3643 906 3679 r
923 3626 968 3692 (b).

427 3734 451 3789 Ι.
463 3731 500 3787 De
508 3732 608 3804 Spiritu
622 3741 708 3787 sarrcto
719 3731 853 3787 dicendum
866 3748 911 3786 cur
923 3732 966 3788 die
979 3733 1186 3807 quirmuapesima

389 3834 446 3893 pau
461 3823 563 3878 Porcia
582 3825 674 3879 rrriuur
692 3824 734 3877 ait.
746 3823 878 3892 Quoniam
891 3835 1013 3895 sanctam
1027 3824 1183 3881 solemnica·

389 3927 442 3971 tem
452 3915 619 3972 celebramus
630 3915 684 3970 diei
695 3923 750 3969 tam
763 3922 872 3981 sanctae,
883 3922 914 3968 ut
922 3913 1002 3970 bodie
1014 3916 1117 3971 renuerit
1128 3915 1185 3986 ipse

387 4007 504 4076 Spiritus
528 4015 648 4074 sanctus,
668 4007 795 4061 admouet
816 4019 866 4063 tuos
887 4016 939 4067 tarn
960 4005 1053 4061 festina
1070 4016 1098 4063 et
1108 4015 1183 4079 graia

384 4100 552 4167 ,suicnrnitas
567 4099 600 4154 de
615 4099 672 4169 ipso
687 4098 758 4153 douo
770 4097 825 4162 Dei,
837 4098 922 4168 gratia
936 4098 994 4167 Dei,
1005 4106 1032 4155 et
1045 4099 1184 4155 abanmn

385 4192 424 4251 ria
446 4189 636 4246 misericordie
658 4189 716 4261 ejus
740 4187 768 4244 iu
790 4203 848 4255 uos,
864 4187 889 4244 id
904 4196 945 4245 est
961 4188 995 4246 tie
1016 4189 1073 4259 ipsa
1084 4189 1184 4261 Spiritu

385 4292 483 4351 ¹sancto
497 4282 597 4352 aliquid
618 4281 699 4350 loqui.
714 4278 742 4335 lu
765 4279 855 4335 sebon
873 4279 981 4335 Domini
993 4280 1183 4352 condiscipulis

387 4374 529 4447 iaqrrimur.
548 4374 701 4444 Magistrum
724 4373 796 4429 mrim
819 4371 949 4427 babemus
972 4387 1065 4441 urrisun,
1084 4372 1110 4428 in
1130 4390 1182 4444 ouo

384 4480 481 4522 onrnes
493 4480 586 4522 sumus
598 4480 681 4521 unum
696 4483 702 4518 :
717 4463 763 4535 qui
777 4477 837 4531 nos,
850 4478 885 4518 ne
897 4461 967 4517 forte
980 4461 1015 4517 de
1029 4464 1183 4535 magisterio

384 4558 526 4627 superbire
536 4557 692 4623 audeamus,
702 4555 850 4621 admonuit,
862 4563 889 4610 et
900 4555 948 4623 ait,
960 4554 1046 4610 Nuiitc
1057 4559 1142 4612 uacari
1150 4559 1182 4614 ab

385 4649 527 4703 boariaibus
537 4647 619 4705 uasta
626 4664 634 4710 ,·
644 4664 712 4703 uirus
726 4656 761 4701 eat
770 4647 839 4701 enirn
848 4646 968 4718 umpiater
980 4656 1058 4701 resur
1066 4645 1182 4706 Cbriatua

385 4737 495 4812 ibiuttb.
508 4756 584 4805 xxm,
597 4739 635 4812 8).
645 4739 700 4794 Surb
711 4738 761 4791 boc
774 4752 838 4806 ergo
852 4737 988 4807 magistro,
1001 4738 1078 4807 eujus
1089 4737 1181 4794 catbc·

384 4829 433 4887 Dra
453 4830 549 4886 eoeium
562 4839 615 4895 est,
628 4829 689 4898 noia
704 4827 843 4883 erudiendi
863 4842 955 4883 sumus
968 4828 976 4858 ¹
988 4826 1097 4884 Litteris
1110 4827 1178 4901 ejus,

384 4920 516 4976 aduertite
529 4934 612 4989 panea
626 4933 686 4987 oriae
698 4917 796 4982 diuum,
808 4914 924 4971 donante
939 4916 997 4986 ipso
1008 4917 1054 4987 qui
1064 4916 1140 4988 jubet
1151 4929 1181 4976 ut

384 5011 482 5068 dicant.
494 5011 543 5080 Qui
560 5011 655 5076 trustis,
668 5007 795 5072 recolite;
810 5008 856 5078 qui
871 5008 1044 5079 ignorabatis,
1056 5010 1179 5081 accipite.

385 5088 463 5175 'supe
476 5103 693 5162 movetuuimum
705 5101 748 5171 pie
759 5100 905 5166 curiosum,
919 5099 942 5153 si
954 5108 1042 5156 tameu
1056 5102 1181 5159 admitta-

385 5182 429 5253 tur
446 5195 564 5252 bumana
584 5194 712 5265 fragilitas
730 5201 757 5249 et
776 5191 916 5247 infirmitas
930 5190 992 5247 talia
1007 5194 1178 5262 perscrutari.

384 5266 441 5343 buo
455 5285 614 5341 admittitur.
628 5283 686 5339 Noa
700 5282 771 5337 enim
788 5280 859 5353 quod
874 5280 901 5336 in
916 5279 1060 5352 Scripturis
1079 5285 1179 5362 sanctis

383 5402 425 5509 df
440 5409 524 5514 :puna
536 5408 586 5461 ms,
604 5397 673 5462 cujus
684 5395 801 5450 raumara
817 5394 844 5447 iu
859 5393 920 5447 coeio
930 5399 975 5456 ert.
990 5393 1112 5461 quanm,
1123 5410 1180 5450 eru-

403 5476 438 5515 reu
458 5475 567 5517 amona.

416 5522 545 5574 'cadarus
585 5523 646 5572 riter
660 5521 690 5570 ad
711 5519 842 5571 murt.
860 5525 909 5569 rat.
929 5532 954 5568 r.
970 5527 996 5569 ct
1014 5518 1122 5570 aisirm.

425 5601 442 5635 u
468 5585 539 5644 alius,
577 5598 609 5635 ex
619 5583 788 5634 sirmondianis
798 5581 837 5631 22.
1045 5643 1051 5654 ι

414 5587 453 5713 bib
467 5649 527 5701 citat
555 5645 637 5697 Florus
657 5645 688 5696 ad
707 5649 725 5693 tt
746 5650 797 5694 cor.
821 5658 862 5702 ιιι,
885 5641 931 5694 boe
952 5640 1022 5693 muto
1044 5656 1070 5694 aa
1092 5656 1178 5711 maau-

383 5709 507 5772 tcriptis:
532 5726 544 5755 ι
565 5714 598 5758 ax
623 5718 737 5758 munnae
757 5706 790 5756 de
813 5704 1013 5769 quinquagesima
1037 5704 1174 5766 ruscum»

384 5784 427 5831 pro
442 5784 492 5834 quo
507 5772 579 5833 pejus
594 5770 619 5820 in
635 5769 742 5827 excusis,
762 5773 817 5816 «ex
833 5778 949 5837 sermone
964 5765 996 5814 de
1008 5766 1132 5836 ‚rumam
1153 5776 1177 5818 tn

383 5845 434 5883 arao
447 5834 609 5894 rrrarmscripto
625 5830 772 5887 inscribitur,
787 5828 1054 5891 «deoarnouasseuma
1070 5830 1174 5892 tascbn,

386 5893 451 5945 ardu
466 5894 567 5959 spiritus
582 5900 679 5944 sanctus
694 5892 782 5943 missus
798 5898 836 5942 est
852 5901 927 5946 aruer
944 5887 1100 5940 uacuatos»

1099 472 1215 531 sautu)
1232 471 1358 531 CCLXX.
1386 515 1388 519 -

1960 482 2029 541 ibib

1237 585 1343 657 tegitur,
1355 587 1545 647 interclausam
1560 597 1602 647 cst
1614 599 1642 646 ut
1656 601 1779 664 aarum.
1792 601 1819 651 rt
1831 608 1883 651 aori
1897 595 1987 667 potius
2001 610 2030 655 ut

1236 677 1349 751 pulsanti
1363 681 1508 748 aperiatur,
1521 678 1625 738 dicente
1640 680 1699 752 ipsa
1711 683 1832 750 Domino,
1847 668 1937 750 Petite.
1948 696 1973 744 rt
1985 702 2030 741 ac·

1235 768 1350 839 cipietia,·
1361 769 1474 840 quaerite,
1489 781 1512 825 ct
1525 770 1664 839 inimicum·
1675 773 1812 843 patenum
1824 777 1949 846 apuietur
1961 776 2030 851 robis

1238 854 1343 931 (ttarru.
1357 859 1455 927 uini).
1477 859 1553 933 Supe
1576 878 1640 934 crgo
1663 874 1751 921 ritaret
1772 850 1951 927 studiosorum
1972 868 2031 925 au't·

1225 953 1308 1003 'mma
1333 950 1351 1014 ¹,
1368 966 1450 1023 quare
1472 952 1692 1025 quinquagesima
1715 953 1760 1013 die
1781 963 1842 1027 post
1864 954 2030 1017 uoniuun

1237 1042 1386 1111 passionem
1400 1055 1427 1101 ct
1439 1047 1663 1102 resurrectionem
1676 1048 1774 1107 missus
1788 1048 1868 1107 fucrit
1882 1047 2030 1121 promimus

1236 1131 1349 1213 Spiritus
1363 1145 1482 1190 sauctus.
1675 1204 1677 1209 Ι

1271 1225 1297 1279 Ξ.
1309 1225 1359 1280 Cur
1370 1226 1483 1298 Spiritus
1495 1241 1597 1287 sanctus
1610 1249 1658 1288 uon
1670 1245 1751 1304 posset
1762 1235 1854 1303 uenire,
1866 1236 1915 1292 uisi
1926 1236 2032 1312 abeunte

1236 1314 1346 1373 Christo.
1359 1317 1513 1377 [inmanitas
1527 1320 1635 1388 Curiati,
1649 1324 1675 1378 iu
1689 1343 1740 1397 qua
1755 1329 1865 1385 duuruna
1876 1326 1969 1397 affectu
1979 1328 2032 1387 itte·

1237 1409 1338 1475 rebant,
1354 1411 1434 1465 oeuiis
1447 1410 1629 1484 discipuiartuu
1648 1417 1742 1486 auferri
1755 1418 1849 1474 debuit.
1863 1419 1942 1477 Petro
1956 1438 2032 1492 sapt!

1236 1515 1312 1569 quum
1326 1501 1453 1571 edificata
1465 1499 1591 1572 Echesiu,
1602 1507 1656 1579 ipae
1668 1517 1705 1562 est
1718 1510 1840 1567 cbristus.
1853 1511 1902 1569 tibi
1917 1512 2031 1585 primam

1237 1591 1302 1647 tttnd
1314 1592 1447 1652 admoneo
1454 1594 1617 1655 charitatem
1629 1610 1757 1671 restrum,
1768 1612 1797 1659 ut
1808 1604 1970 1674 aliquantum
1983 1621 2035 1663 aas

1237 1682 1407 1742 considerare
1418 1703 1471 1742 non
1488 1688 1584 1762 pigeat,
1599 1706 1681 1762 qnare
1697 1692 1797 1749 dictum
1811 1694 1846 1751 sit
1858 1693 1893 1751 ab
1905 1695 1963 1765 ipso
1976 1696 2032 1753 Da-

1238 1774 1320 1838 miuu,
1336 1773 1363 1829 N
1364 1793 1396 1831 ou
1407 1787 1486 1849 potest
1497 1779 1541 1834 itte
1550 1781 1642 1850 uenire,
1654 1783 1704 1837 nisi
1717 1800 1762 1856 eqo
1775 1785 1869 1840 abiere.
1883 1786 1963 1855 Quasi
1977 1787 2030 1847 ati·

1239 1865 1312 1934 quiid,
1327 1876 1354 1921 nt
1368 1868 1513 1924 secundum
1525 1873 1659 1928 carnalem
1672 1889 1780 1930 sensum
1795 1876 1945 1947 loquamur,
1956 1880 2032 1951 quasi

1238 1954 1339 2026 aliquid
1363 1956 1390 2013 in
1411 1960 1536 2030 superuis
1559 1961 1686 2019 Dominus
1708 1963 1832 2021 cbristus
1855 1977 1984 2035 seruaret,
2006 1981 2034 2027 et

1239 2042 1301 2100 inae
1321 2044 1488 2104 descendens
1508 2049 1559 2105 bae
1578 2052 1650 2121 quod
1670 2053 1803 2123 servabat,
1817 2064 1910 2115 sancto
1923 2057 2033 2133 Spiritui

1239 2138 1463 2208 commendasset,
1477 2147 1504 2196 et
1516 2141 1576 2198 iden
1588 2142 1623 2198 ad
1635 2158 1684 2200 uos
1696 2147 1787 2203 venire
1798 2162 1851 2205 nun
1866 2157 1966 2221 posset,
1982 2150 2032 2208 uisi

1235 2227 1284 2309 ilie
1298 2228 1422 2287 rediisset
1440 2232 1485 2303 qui
1505 2234 1721 2293 commendatum
1740 2239 1885 2311 reciperem
1900 2243 2033 2315 autquasi

1239 2332 1288 2375 nos
1299 2328 1441 2394 utrumque
1451 2322 1519 2382 ferre
1529 2340 1582 2380 uon
1593 2320 1752 2397 valeremus,
1764 2343 1814 2385 nec
1825 2330 1962 2404 utriusque
1972 2349 2035 2405 pos·

1239 2425 1328 2467 semus
1340 2412 1454 2471 tolerare
1467 2419 1646 2485 presentiam.
1657 2419 1738 2487 Quasi
1749 2437 1813 2478 uera
1825 2423 1892 2485 aiter
1902 2425 1936 2483 ab
1948 2427 2033 2485 attero

1229 2506 1396 2573 'separetur;
1410 2515 1455 2560 aut
1469 2509 1575 2580 quaudo
1589 2510 1622 2565 ad
1637 2527 1687 2567 nos
1699 2514 1818 2585 ueniunt,
1834 2516 1883 2586 ipsi
1898 2520 2034 2590 augustias

1240 2595 1383 2665 patiantur,
1394 2611 1426 2653 ac
1438 2612 1489 2652 nou
1504 2601 1591 2670 potius
1601 2617 1650 2657 nos
1660 2602 1810 2660 dilatemur.
1822 2604 1893 2677 Quid
1905 2608 1955 2667 sibi
1968 2624 2034 2682 erga

1239 2684 1308 2751 ruit,
1326 2684 1386 2741 Nou
1408 2697 1489 2759 puteat
1508 2690 1553 2746 iiie
1571 2693 1662 2759 uenire,
1679 2694 1730 2750 nisi
1743 2711 1788 2767 epa
1805 2695 1910 2753 abiero?
1924 2697 2034 2772 Expedit

1239 2776 1314 2842 enirrr,
1328 2777 1422 2849 inquit,
1439 2781 1506 2837 uobis
1519 2791 1547 2848 ut
1558 2800 1604 2857 epa
1614 2801 1679 2850 eune
1693 2783 1762 2841 Nam
1774 2787 1797 2842 si
1811 2805 1861 2845 uon
1876 2790 1940 2855 iera,
1952 2791 2034 2848 Paru-

1239 2855 1318 2923 ciet'us
1329 2887 1380 2927 nan
1395 2873 1474 2928 ueniet
1487 2874 1521 2928 uti
1534 2893 1577 2931 uos
1592 2875 1681 2951 (ioan.
1697 2895 1754 2945 xri,
1768 2879 1806 2954 i).
1822 2882 1878 2939 iioc
1891 2898 1955 2956 erga
1969 2888 2032 2959 qaid

1239 2959 1283 3026 sit,
1297 2971 1426 3032 qnantum
1440 2966 1482 3020 rei
1502 2967 1632 3037 capimus,
1652 2969 1695 3025 rei
1716 2971 1896 3041 aestimamus,
1911 2975 1954 3031 rui
1975 2976 2034 3047 ipso

1239 3049 1356 3109 donante
1379 3054 1550 3131 percipimus,
1571 3059 1613 3113 vel
1634 3075 1693 3130 quire
1713 3061 1848 3118 eredimus
1863 3063 2033 3135 iuquimur'.

1238 3142 1356 3201 breuiter
1370 3146 1483 3217 accipiat
1496 3148 1619 3206 Charitas
1633 3163 1730 3209 restra.
1745 3153 1856 3211 Videtur
1870 3157 1946 3224 mibi,
1960 3160 2033 3230 quiid

1238 3233 1363 3307 discipuli
1375 3237 1447 3294 circa
1462 3237 1574 3297 iuratam
1588 3242 1731 3299 bumanam
1746 3245 1850 3303 Domini
1864 3244 1964 3305 Christi
1977 3249 2034 3306 iuc-

1239 3337 1299 3385 rani
1308 3332 1443 3403 occupati,
1453 3342 1481 3389 et
1491 3343 1614 3407 unquam
1626 3336 1748 3394 bomines
1761 3340 1786 3394 iu
1797 3339 1906 3400 bomine
1916 3340 2034 3403 bumana

1239 3421 1400 3478 tenebantur
1412 3424 1518 3480 affectu.
1532 3426 1643 3484 Volebat
1653 3437 1741 3485 autem
1754 3446 1802 3487 eos
1812 3431 1935 3488 affectum
1945 3433 2033 3507 potius

1238 3509 1338 3571 babere
1351 3513 1480 3584 diuinum,
1493 3527 1572 3591 atque
1587 3517 1622 3575 ita
1637 3519 1670 3576 de
1684 3521 1836 3587 carrmlibus
1851 3521 1939 3580 iacere
1951 3524 2032 3598 spiri·

1237 3607 1321 3664 autes
1333 3625 1341 3662 t
1354 3608 1425 3679 quud
1439 3624 1491 3664 nan
1509 3609 1538 3666 Dt
1551 3609 1633 3666 bama
1652 3611 1703 3667 nisi
1722 3612 1792 3668 dona
1807 3612 1922 3685 Spiritus
1936 3617 2031 3672 saneti.

1238 3695 1294 3752 iioc
1307 3713 1372 3769 ergo
1384 3699 1421 3754 ait
1433 3716 1439 3753 :
1451 3700 1527 3755 iiitto
1538 3699 1614 3756 uobis
1625 3700 1736 3770 dunum,
1749 3717 1802 3773 quo
1815 3702 1968 3761 eidciamini
1982 3707 2032 3775 spi·

1236 3786 1368 3853 rituaics;
1383 3787 1482 3844 donum
1505 3791 1607 3847 seilicet
1627 3790 1741 3862 Spiritus
1762 3793 1858 3849 sancti.
1877 3793 2031 3867 Spirituates

1237 3886 1327 3934 autem
1343 3878 1400 3934 ttert
1414 3894 1467 3936 trau
1484 3883 1615 3951 poteritis,
1630 3880 1680 3938 nisi
1694 3884 1815 3941 carnales
1827 3900 1886 3941 esse
1900 3884 2032 3943 Destitrri·

1236 3967 1281 4024 tis.
1297 3967 1425 4026 darmatas
1444 3987 1508 4027 rear
1527 3987 1587 4029 esse
1604 3972 1749 4044 desistetis,
1765 3976 1787 4033 si
1808 3975 1893 4034 iarma
1912 3977 2030 4035 carnisa

1235 4060 1333 4115 restris
1348 4061 1432 4117 ocuiis
1444 4061 1589 4132 adteratur,
1601 4071 1630 4119 ut
1642 4063 1726 4121 iorma
1739 4065 1787 4126 Dei
1798 4068 1893 4125 restris
1905 4070 2031 4128 cordibus

1236 4146 1459 4207 inserueram
1482 4154 1623 4209 basanim
1646 4155 1762 4213 humana
1785 4157 1869 4215 forma
1891 4158 2029 4230 Dominus,

1235 4239 1287 4296 boc
1307 4250 1349 4297 est
1369 4241 1452 4298 iormu
1475 4244 1564 4312 servi,
1578 4242 1748 4317 Semetipsnm
1766 4241 1902 4306 erirraaiuit
1921 4256 2029 4323 [armam

1235 4335 1299 4387 acrur'
1319 4333 1445 4404 accipiens
1459 4334 1595 4409 (Philipp.
1614 4353 1641 4404 u,
1656 4337 1691 4412 7)
1706 4355 1713 4392 ε
1727 4354 1761 4395 ex
1775 4339 1825 4396 irae
1845 4341 1925 4415 igitur
1945 4344 2029 4401 iorma

1233 4425 1306 4480 scrri
1326 4422 1398 4480 Petri
1423 4425 1504 4482 etiam
1531 4428 1671 4483 tenebatur
1692 4427 1812 4497 aductus,
1836 4431 1942 4503 qrraodo
1967 4448 2027 4490 eum

1235 4528 1314 4583 quem
1334 4515 1445 4570 mnirum
1467 4515 1589 4583 amabat,
1607 4519 1674 4574 mori
1696 4520 1816 4576 timebit.
1832 4521 2027 4583 amabarcntn

1234 4604 1375 4661 Dominum
1397 4607 1488 4663 lesum
1507 4606 1653 4677 Christum,
1674 4612 1744 4668 sicut
1765 4613 1846 4670 bomo
1871 4613 2027 4682 bemineru

1234 4695 1302 4752 sicut
1316 4698 1430 4754 camaiis
1442 4701 1589 4769 carnalem,
1602 4717 1654 4758 uon
1665 4702 1734 4759 sicut
1747 4704 1890 4775 spiritualis
1904 4709 2029 4778 rrrajesta·

1234 4795 1298 4843 tem.
1318 4788 1394 4846 Uudc
1415 4790 1467 4846 ine
1488 4791 1649 4862 probamus?
1668 4794 1734 4863 Quia
1755 4811 1815 4851 cum
1839 4796 2029 4873 interrogasset

1233 4877 1291 4950 ipse
1304 4880 1432 4938 Dominus
1445 4881 1590 4955 discipulos
1604 4900 1683 4953 suos,
1700 4886 1759 4959 quis
1773 4888 1808 4945 ab
1820 4888 1973 4950 bominibus
1985 4892 2029 4948 ‹ii-

1233 4981 1348 5041 teretur,
1370 4982 1398 5030 et
1421 4974 1534 5031 aliorum
1556 4976 1699 5046 opiniones
1722 4980 1866 5037 recoicrido
1887 4982 2025 5049 dixissent.

1232 5063 1303 5133 quod
1318 5064 1362 5119 aiii
1372 5080 1433 5120 euna
1443 5063 1564 5121 dicerent
1575 5067 1717 5134 ioannem,
1729 5069 1774 5124 aiii
1789 5070 1885 5138 Etiam,
1896 5070 1940 5128 aiii
1953 5073 2029 5129 iere·

1232 5155 1331 5219 miam,
1349 5163 1493 5210 autunum
1513 5170 1547 5212 ex
1566 5156 1724 5226 Propiretis;
1741 5158 1778 5213 ait
1798 5159 1861 5226 uus,
1879 5159 1931 5215 i'ar
1943 5173 2027 5229 umeri

1232 5259 1306 5311 auena
1315 5261 1355 5299 ure
1364 5261 1418 5300 cua
1429 5245 1532 5301 dicitis?
1544 5246 1577 5301 Et
1586 5246 1681 5302 Petrus
1692 5261 1760 5302 unus
1770 5262 1819 5318 pro
1831 5251 1946 5318 caeteris,
1958 5267 2027 5308 unrrs

1231 5353 1281 5408 pro
1295 5337 1418 5393 omnibus
1432 5336 1454 5404 ⁸,
1470 5337 1509 5393 Tu
1522 5355 1557 5402 ea.
1574 5339 1669 5411 inquit,
1681 5338 1796 5397 Cbrirtur
1810 5341 1892 5398 Fidus
1904 5342 1954 5400 Dei
1967 5346 2025 5402 riri.

1232 5428 1288 5484 ttoc
1302 5430 1413 5498 optime,
1426 5430 1598 5487 veracissime
1610 5448 1617 5486 ι
1629 5432 1726 5489 merito
1740 5433 1792 5489 taic
1806 5448 1964 5506 responsum
1978 5451 2025 5492 ae·

1238 5554 1320 5654 ⁵¹·ta
1341 5588 1463 5653 uocate,
1490 5592 1558 5649 sepe
1579 5597 1638 5650 erpa
1663 5594 1754 5651 emt,
1779 5587 1912 5641 uuam
1935 5597 2026 5643 natat

1230 5651 1499 5766 semegem,
1512 5705 1548 5758 rei
1558 5706 1615 5780 auia
1625 5710 1747 5783 creuimru
1758 5709 1871 5785 ιρᾳιᾰᾳσ.

1262 5767 1350 5816 ’tuem
1360 5773 1411 5827 us,
1425 5775 1451 5819 ru
1461 5769 1539 5833 [aratu
1551 5777 1595 5822 Der
1605 5778 1689 5823 uestras
1699 5775 1814 5826 nemrim
1823 5782 1961 5827 marr:

1252 5828 1353 5942 &abiem
1371 5837 1427 5892 us..
1448 5838 1475 5882 et
1494 5839 1579 5884 Petrus
1602 5845 1661 5886 rmus
1679 5848 1724 5898 pro
1741 5835 1854 5900 euteria,
1877 5836 1955 5892 muas
1979 5849 2022 5900 pra

1173 5930 1176 5936 ,
1230 5904 1252 5943 ur
1278 5905 1347 5943 uus.
1434 5920 1438 5929 -
1817 5924 1825 5933 ··
1927 5910 1941 5927 ¹·
