4759 6684
367 650 421 707 oli
1042 643 1159 702 subdo
1177 645 1316 704 Clllllll.
1935 653 1990 712 ιιι

366 773 403 819 tre
421 768 505 818 ιιοιιιι
526 770 551 817 ιι
568 759 677 816 Domino
690 759 752 814 lesu
772 758 882 816 cbristo.
897 757 967 827 Quid
986 773 1050 829 orgo
1071 757 1154 814 habes
1208 758 1306 815 dedisti
1328 759 1428 830 aliquid
1450 760 1523 827 ben,
1547 768 1577 816 ιι
1600 770 1696 817 cratera
1719 761 1795 818 daret
1816 763 1873 819 tibi.
1895 764 1997 821 bedisti

365 854 436 927 quod
450 869 504 911 noa
523 852 670 924 accepisti?
689 850 718 910 st
731 862 819 909 autem
834 851 970 923 accepisti,
981 850 1043 921 quid
1057 851 1155 922 gloria·
1206 849 1304 920 qnippe
1314 849 1351 904 iili
1365 851 1443 905 iidem
1459 859 1530 905 tuam
1543 859 1569 906 et
1579 853 1725 907 orationem
1748 862 1831 908 tuam.
1846 854 1879 908 Et
1893 853 1937 909 ubl
1956 862 1998 909 est

366 945 547 1017 risquaainon
561 941 792 1014 acceperistldor.
807 958 844 1008 ιι,
858 942 905 1014 lli
918 941 1014 997 Nautsl
1027 940 1155 1013 gloriatus
1204 940 1277 1012 qnod
1288 942 1326 996 ait
1336 938 1496 1011 apostolus:
1509 942 1645 1010 Quiseainr
1654 945 1875 1016 coqnoaittensum
1885 943 1996 1007 bonini.

365 1047 406 1095 est
418 1036 564 1102 Abrabam,
586 1051 619 1091 es
646 1034 698 1091 lide
723 1035 851 1106 gloriatus
876 1043 926 1090 est.
941 1033 1006 1100 Quae
1024 1043 1067 1088 est
1088 1030 1155 1088 lldes
1206 1041 1252 1086 ont
1267 1033 1324 1103 qarit
1337 1034 1496 1088 considerint
1510 1035 1564 1105 eitra
1573 1034 1644 1104 suit?
1655 1034 1766 1105 datquis
1780 1036 1850 1107 prior
1860 1034 1930 1091 dedit
1940 1035 1992 1100 iili,

365 1131 440 1204 plena
454 1137 482 1185 et
494 1127 626 1199 periectal
637 1127 794 1194 Quaeeredit
805 1142 836 1183 er
849 1125 1070 1183 beoeaseomnia
1084 1123 1153 1178 boaa
1206 1131 1230 1178 et
1244 1123 1519 1194 runiseureillloan.
1542 1137 1580 1192 ar,
1591 1125 1626 1181 54
1656 1135 1679 1179 et
1693 1126 1767 1198 lviiii
1780 1126 1944 1198 inaequalis
1955 1128 1994 1182 ris

365 1228 466 1285 nostru
480 1225 508 1274 et
518 1218 602 1287 ipsam
615 1217 705 1273 iidem
722 1216 819 1271 lterum
833 1216 898 1272 dicit
910 1214 1063 1284 Apostolus,
1075 1212 1154 1268 flire-
1206 1226 1277 1267 esse.
1286 1212 1356 1282 Ergo
1366 1212 1439 1282 prior
1451 1213 1547 1268 dedisti
1564 1214 1630 1280 beo,
1644 1224 1672 1269 et
1684 1215 1735 1269 boc
1748 1214 1844 1270 dedisti
1857 1214 1928 1286 quod
1945 1215 1992 1271 tibi

363 1310 500 1368 ritordiom
511 1320 657 1364 ιοιιεειιιι
669 1305 767 1365 cumb
780 1306 927 1363 corriessiol
942 1305 1001 1362 Non
1013 1305 1061 1372 ait,
1076 1304 1155 1360 llise-

365 1400 507 1459 rimrdiam
518 1408 681 1456 consecutus
693 1412 762 1465 surm,
772 1399 835 1469 quia
848 1396 935 1453 idelis
949 1411 1022 1452 eran
1033 1412 1041 1462 3
1053 1394 1111 1460 sed,
1126 1403 1154 1448 ut

362 1493 447 1562 fidelis
456 1490 749 1554 monimentum
757 1485 1152 1557 norerurnruntlumqta).

399 1582 512 1640 CAPUT
522 1579 791 1637 lV.-d.Grutindetu
801 1580 1153 1651 inlidciietpertccatort'cru·

364 1675 426 1730 deii.
443 1673 585 1731 leniamus
605 1675 637 1730 ad
652 1674 709 1745 ejus
722 1674 880 1745 primordia,
894 1672 1032 1730 rideamus
1044 1672 1154 1729 saulum

363 1763 528 1830 scriemem,
542 1771 693 1832 spectemus
706 1763 847 1829 furentem,
864 1771 1015 1834 smctemtts
1027 1761 1088 1817 odia
1101 1776 1151 1815 an-

363 1852 508 1920 helantem,
528 1853 736 1924 sanguinemque
751 1854 895 1909 sitientem.
910 1852 1085 1923 Spectemus,
1101 1850 1154 1905 lra-

364 1953 430 2013 tres,
442 1959 518 2010 eum;
532 1961 655 2016 magnum
669 1947 858 2016 spectaculum.
873 1946 942 2001 Eece
956 1952 1015 2015 post
1024 1942 1152 2013 Stephani

365 2049 468 2100 nocem
484 2044 544 2105 post
558 2035 669 2091 cliusum
688 2036 762 2092 testis
777 2036 825 2091 bet
844 2034 974 2105 lapidibus
987 2034 1152 2103 sanquinem,

364 2126 411 2182 ubi
424 2126 581 2182 uestimenta
593 2126 715 2182 seruabat
731 2126 915 2195 lapidantium,
931 2134 960 2180 ut
977 2132 1004 2180 et
1018 2125 1045 2180 in
1058 2136 1153 2180 eorum

363 2214 445 2270 etiam
468 2216 589 2271 manibus
605 2215 743 2286 lapidaret,
758 2228 821 2271 tunc
838 2216 950 2284 dispersi
971 2223 1036 2272 sunt
1056 2213 1154 2269 iratres

364 2305 409 2376 qni
420 2313 495 2361 erant
507 2305 679 2378 ierosolymis
693 2307 863 2377 eortqregati;
877 2316 905 2362 ot
924 2307 967 2363 ille
986 2306 1098 2362 seriens
1111 2306 1154 2362 cai

365 2410 459 2467 pamm
481 2405 540 2450 erat
555 2397 652 2451 uidisse
673 2407 700 2452 et
719 2397 818 2453 indisso
838 2397 992 2467 sanguinem
1013 2395 1153 2466 Stephani,

364 2485 468 2555 accepit
479 2485 579 2542 litteras
592 2502 607 2540 a
622 2486 785 2556 principibus
798 2486 977 2552 sacerdotum,
992 2495 1020 2539 ut
1040 2485 1091 2540 iret
1103 2485 1155 2540 Da·

364 2589 482 2630 museum
495 2617 503 2644 ,
517 2586 546 2631 et
567 2592 748 2647 quoscumque
769 2578 805 2633 ibi
825 2577 956 2633 inueniret
975 2575 1154 2643 Christianos,

364 2668 630 2725 aitrctosadduceret.
643 2672 676 2726 lit
693 2671 755 2726 ibnt.
773 2671 835 2725 llaec
850 2670 923 2725 Pauli
936 2670 978 2725 via
994 2676 1063 2736 erut,
1079 2668 1155 2737 cuiuis

364 2761 408 2816 ria
429 2761 546 2817 nondum
567 2770 626 2816 erat
646 2762 784 2828 Clrristus;
810 2762 897 2818 adbuc
920 2763 1011 2824 sauli.
1037 2762 1155 2818 nondum

364 2851 450 2908 Pauli.
462 2852 526 2909 lbat.
539 2851 607 2920 Quid
616 2853 728 2909 babebat
739 2853 764 2908 in
776 2854 857 2910 corde
867 2854 878 2908 i
889 2852 967 2921 erid,
981 2854 1030 2909 nisi
1044 2851 1156 2909 malumi

365 2943 433 2999 liate
442 2943 507 3000 milri
518 2944 613 3000 merita
626 2945 694 3015 ejus.
711 2945 739 3000 Si
750 2946 842 3001 merita
854 2947 961 3016 quaeris,
977 2945 1156 3000 damnationis

365 3042 438 3101 sunt,
451 3050 504 3090 non
524 3035 698 3091 liberationis.
718 3035 775 3091 lbnt
793 3052 858 3106 orgo
877 3039 972 3093 sarrire
993 3038 1021 3092 in
1034 3038 1155 3093 membra

365 3125 475 3192 Christi,
497 3125 552 3183 ibat
575 3128 731 3198 sanguinem
753 3127 876 3194 sundere,
896 3129 951 3185 ibat
971 3129 1051 3199 lupus
1066 3137 1157 3199 pastor

365 3214 490 3271 iuturus:
513 3216 553 3273 sie
575 3217 638 3272 ibat.
659 3217 718 3272 Non
742 3219 813 3273 onim
836 3228 940 3289 potsunt
959 3220 1037 3275 aliter
1059 3220 1099 3275 ire
1122 3219 1155 3276 ad

364 3306 423 3371 illa,
439 3317 546 3377 propter
564 3323 623 3378 qnae
642 3308 706 3364 ibat.
723 3311 830 3364 Etcum
846 3311 885 3366 sic
906 3310 1033 3378 ambulat,
1046 3312 1155 3382 mqitat,

365 3395 476 3453 anhelat
497 3396 602 3462 eaedem
627 3413 687 3476 cum
712 3399 784 3454 ducit
808 3401 889 3470 pedes
910 3402 968 3470 ejus
987 3401 1041 3468 ira,
1068 3411 1157 3458 moret

365 3489 486 3543 membra
507 3487 608 3555 odium
627 3488 689 3544 dum
703 3491 825 3560 pergitet
839 3492 974 3559 ambulat,
990 3493 1159 3562 obtemperat

365 3576 527 3648 mancipium
542 3578 692 3634 crudelitati
707 3598 714 3634 :
731 3590 758 3636 et
773 3596 836 3638 ecce
851 3598 903 3638 nox
917 3581 952 3638 do
963 3584 1049 3649 ctelo,
1065 3583 1155 3651 Saule,

367 3666 458 3733 Susir,
471 3668 532 3739 quid
545 3685 584 3723 me
596 3671 767 3740 persequeris?
779 3671 849 3728 Eece
860 3688 943 3743 quare
958 3672 1035 3740 dixit,
1056 3674 1158 3730 llitert'·

366 3759 480 3812 cordium
493 3769 641 3814 comesurus
652 3777 719 3827 runt,
734 3770 761 3815 ιι
773 3763 855 3831 fidelia
874 3779 962 3818 uteru.
983 3764 1048 3818 Erat
1060 3763 1156 3819 italide-

367 3848 416 3916 lis;
432 3865 525 3917 parum
540 3860 592 3916 est,
608 3861 666 3906 erat
676 3853 701 3907 in
716 3853 772 3921 ipsa
788 3853 944 3909 infidelitate
956 3854 1073 3910 crudelis
1088 3873 1095 3910 ε
1109 3855 1157 3912 sed

366 3939 577 3996 miscricordiam
591 3953 749 3997 consecutus
770 3951 829 4011 est,
843 3953 872 3998 ut
890 3944 975 3999 idelis
993 3955 1066 4001 esset
1080 3946 1155 4015 (Act.

366 4030 468 4100 ιιι-ιι).
483 4030 551 4099 Quid
565 4032 684 4089 dicturus
694 4049 724 4089 es
738 4035 792 4090 Deo
802 4035 911 4099 dicenti,
922 4035 1063 4092 llocuoloi
1074 4037 1155 4108 Ergo,

367 4123 488 4190 Domine,
506 4124 550 4180 illc
560 4125 605 4196 qui
614 4135 685 4180 tanta
699 4127 770 4194 lecit,
781 4136 852 4182 tanta
864 4128 933 4183 mala
942 4129 1083 4187 insanctns
1098 4139 1157 4187 tuos

367 4210 455 4268 lacero
469 4215 601 4285 cupiebat,
619 4217 662 4269 tali
675 4233 736 4273 eum
751 4218 933 4274 misericordia
943 4218 1052 4290 dignum
1067 4221 1157 4276 otiati·

366 4303 443 4356 masi
461 4303 517 4359 lloe
531 4305 601 4359 volo.
617 4306 656 4359 dn
668 4307 757 4361 oculus
770 4317 828 4362 tuna
842 4325 949 4379 nequam
961 4319 1014 4376 ert,
1031 4312 1090 4380 quia
1110 4328 1156 4381 eqo

365 4392 445 4451 bunut
460 4411 516 4449 tum
532 4393 635 4467 (diuitis.
653 4412 700 4459 ιι,
716 4397 779 4468 l5)?

371 4552 373 4556 Α
401 4483 515 4542 carui
535 4484 648 4541 v.-5.
669 4485 703 4541 Et
719 4488 781 4555 fides
802 4498 825 4542 et
846 4490 925 4544 oratio
942 4506 973 4545 ex
994 4489 1043 4546 Dei
1063 4494 1155 4564 qratia.

368 4574 512 4649 Peioqiunu
533 4579 646 4648 objectio.
664 4579 764 4635 llabeie
785 4580 863 4635 fldem
883 4599 890 4635 :
912 4580 959 4636 sed
986 4592 1014 4637 ut
1037 4581 1157 4639 babeatis

367 4667 458 4734 iidem,
471 4679 545 4724 orate
560 4667 611 4724 bde
622 4670 641 4722 ¹.
664 4670 716 4725 Sed
730 4686 808 4726 orare
829 4671 881 4727 lide
894 4687 947 4726 non
960 4675 1089 4743 qtossctiu,
1105 4675 1155 4730 nisi

1207 1314 1260 1356 aon
1273 1300 1345 1357 dedit
1352 1301 1445 1357 Densi
1457 1301 1583 1358 lnrenistl
1597 1304 1753 1360 undedarcs
1767 1304 1852 1359 llorrm
1861 1304 1997 1371 mendice,

1207 1389 1278 1445 unde
1288 1391 1998 1466 babuistiilquoundedaresinllquidbabulstilQuirl

1206 1484 1278 1538 eninr
1293 1483 1390 1552 babes,
1402 1484 1472 1552 quod
1481 1486 1761 1556 nonaccepistiiErqo
1771 1486 1805 1542 de
1818 1486 1864 1542 bei
1874 1487 1922 1541 dns
1932 1487 1996 1543 buo:

1207 1589 1240 1630 ex
1259 1575 1379 1645 eoquod
1398 1575 1445 1630 tibi
1461 1575 1544 1643 dedit,
1564 1591 1579 1631 a
1598 1583 1626 1632 te
1644 1577 1750 1648 accipit.
1762 1573 1827 1632 Nam
1841 1577 1998 1634 mendicitas

1208 1666 1329 1729 ιιι,ιίιί
1348 1667 1405 1737 ipsc
1423 1669 1495 1738 prior
1512 1668 1647 1735 dedisset,
1661 1670 1815 1725 inanissima
1835 1681 1997 1726 remaneret.

1241 1757 1355 1814 CAPUT
1376 1759 1418 1814 Vl.
1427 1790 1463 1801 -—
1472 1761 1498 1815 6.
1515 1760 1603 1814 Ft'dcm
1616 1761 1711 1815 donam
1722 1760 1770 1815 Det‘
1782 1777 1835 1816 cate
1844 1761 1933 1832 probol
1945 1779 1999 1816 ortt·

1207 1847 1242 1900 tio
1254 1851 1323 1917 {nto
1336 1864 1382 1920 pro
1401 1848 1481 1904 Suulo
1495 1850 1602 1919 infideli.
1619 1849 1715 1906 Audite
1728 1851 1798 1907 unde
1818 1850 1869 1907 boc
1887 1851 1998 1907 euiden-

1208 1937 1259 1992 tius
1277 1940 1406 2009 probetis.
1423 1941 1492 1996 liceo
1508 1957 1556 1997 ros
1574 1943 1637 2012 quio
1656 1942 1818 2009 credidistb,
1833 1942 1997 2013 accepistis:

1205 2029 1269 2098 quid
1290 2029 1404 2085 dicimus
1422 2030 1457 2086 de
1473 2033 1572 2101 eisqui
1586 2032 1704 2087 trundum
1718 2032 1898 2099 crediderunt,
1911 2033 2000 2102 qualis

1205 2127 1263 2174 crat
1283 2119 1389 2186 Saulus,
1402 2122 1447 2191 qui
1468 2121 1585 2177 nondum
1607 2122 1775 2178 crediderat?
1791 2122 1998 2193 decepitautem

1207 2219 1236 2265 ut
1266 2210 1415 2267 crederet:
1442 2221 1614 2283 posteaquam
1636 2212 1752 2268 credidit
1776 2212 1908 2279 Christo,
1936 2220 2000 2268 tunc

1206 2303 1287 2371 coepit
1307 2302 1433 2358 intueare
1453 2302 1597 2358 Christum.
1617 2304 1657 2359 llb
1681 2304 1726 2359 illo
1743 2305 1846 2374 aceepit
1858 2312 1887 2359 ut
1904 2302 2000 2359 crede-

1207 2401 1264 2459 ret,
1292 2401 1319 2446 et
1337 2393 1471 2448 credendo
1485 2394 1632 2459 invocaret,
1647 2393 1795 2449 lnrooandn
1817 2404 1914 2449 catera
1929 2392 2000 2449 aeci·

1208 2492 1292 2554 peret.
1306 2483 1374 2553 Quid
1388 2496 1528 2555 putamus,
1545 2485 1659 2542 iratres?
1671 2486 1767 2542 Saulus
1780 2496 1921 2556 antequam
1938 2499 2000 2541 cre·

1208 2574 1521 2646 deret,orabantpmillo
1529 2578 1758 2648 quierediderant,
1768 2578 1996 2634 annonarabantl

1208 2667 1398 2734 bicaturmibi,
1413 2670 1498 2724 sinon
1513 2686 1563 2741 pro
1576 2670 1622 2725 ilin
1631 2670 1753 2733 orabant,
1763 2685 1846 2742 qnare
1857 2670 1928 2725 diris
1940 2670 2001 2726 Sto·

1208 2757 1322 2828 pilanus,
1335 2757 1451 2823 Danubio,
1464 2771 1596 2815 ιιιιιιιιαι
1606 2760 1657 2815 illia
1667 2760 1714 2814 boc
1727 2771 1855 2831 peccatum
1866 2760 1935 2830 (Act.
1949 2776 1996 2825 ιιι,

1208 2849 1254 2922 59)
1263 2851 1275 2905 ‘l
1285 2851 1416 2907 Ornbntur
1429 2862 1456 2908 et
1470 2866 1519 2922 pro
1537 2852 1599 2916 illo,
1612 2862 1638 2908 et
1660 2867 1709 2922 pro
1721 2852 1782 2906 aliis
1794 2851 1953 2918 infidelibus,
1970 2860 2000 2907 ut

1208 2941 1359 2998 crederent.
1368 2943 1558 2999 liccenondum
1567 2943 1696 2999 lrabebaut
1707 2942 2001 3007 idometnrationibus

1210 3031 1326 3087 bdelium
1344 3033 1510 3103 accipiebant
1530 3033 1620 3089 iidem.
1633 3033 1755 3089 Nondum
1775 3034 1908 3089 babebnut
1929 3034 2021 3103 quod

1210 3123 1265 3179 lieo
1274 3123 1419 3189 ollerrent;
1430 3125 1491 3195 quia
1503 3124 1621 3180 nondum
1631 3134 1707 3180 erant
1717 3124 1924 3181 misericordiam
1934 3138 2001 3180 corr·

1209 3214 1292 3270 secuti
1302 3215 1321 3281 ¹,
1335 3223 1363 3269 ut
1378 3215 1470 3271 indoles
1480 3224 1583 3290 essent.
1594 3216 1712 3286 lienique
1725 3224 1895 3285 posteaquam
1904 3216 2000 3272 Saulus

1210 3304 1260 3360 iste
1272 3315 1479 3369 conversusest,
1494 3321 1546 3360 una
1558 3320 1624 3362 unce
1644 3306 1726 3360 elisus
1744 3313 1772 3361 et
1789 3305 1901 3372 levatus,
1916 3306 2000 3362 eliens

1210 3406 1374 3466 persecutor,
1398 3397 1500 3453 leuatus
1522 3397 1703 3467 praedicator:
1727 3406 1898 3469 posteaquam
1920 3399 2002 3467 coepit

1210 3491 1390 3561 evattgelirare
1405 3490 1485 3546 sidem
1498 3503 1577 3561 quant
1591 3488 1734 3563 aliqnando
1748 3489 1878 3556 uastabat,
1892 3488 2001 3559 quidda

1209 3583 1429 3641 nutritiorum
1443 3593 1526 3638 uatem
1545 3585 1646 3654 iqrrntua
1666 3585 1731 3654 lucie
1750 3583 1870 3638 Ecclcst’it
1890 3582 1998 3649 ladrum

1209 3689 1266 3743 qaoe
1282 3684 1341 3728 ιιιιι
1355 3675 1381 3727 in
1401 3672 1502 3728 Cirritto
1514 3690 1524 3727 .·
1535 3682 1631 3727 tuntum
1644 3682 1727 3727 nutent
1744 3673 1889 3739 amidam,
1901 3675 1962 3743 qais
1977 3675 2000 3727 la

1209 3766 1253 3834 qui
1265 3763 1403 3833 aliquando
1411 3780 1456 3817 not
1467 3763 1668 3832 persequebatur,
1682 3779 1748 3817 nunc
1759 3763 1911 3831 mapalium
1924 3763 2000 3829 iidem

1209 3872 1285 3926 qaum
1294 3855 1430 3925 aliquunde
1439 3853 1568 3919 tormini,
1581 3865 1605 3909 et
1615 3855 1641 3908 in
1654 3871 1695 3908 me
1705 3854 1902 3924 muqrtlficabant
1917 3855 2000 3908 benno
2027 3885 2029 3888 -

1211 3947 1309 4019 (Galat.
1324 3963 1343 4012 r,
1357 3946 1468 4017 iiii).
1482 3945 1616 4017 Numquid
1626 3945 1702 4009 dixit,
1716 3955 1742 4000 ct
1753 3946 1779 4000 in
1793 3960 1836 4001 me
1849 3944 2000 4015 mugnidra·

1210 4043 1273 4099 bant
1286 4044 1346 4098 mei
1359 4044 1391 4098 Et
1409 4043 1435 4097 in
1455 4056 1508 4108 me,
1522 4041 1567 4112 qui
1586 4039 1798 4109 evangelizabam
1821 4039 1899 4093 lldcm
1920 4054 1999 4109 qnam

1209 4134 1350 4205 aliquando
1372 4133 1528 4196 vastabam,
1554 4147 1607 4187 non
1632 4146 1675 4185 me
1701 4128 1924 4200 magnificabant,
1951 4129 1999 4184 sed

1209 4223 1304 4279 Deum.
1323 4223 1393 4292 Ergo
1406 4223 1462 4291 ipse
1477 4219 1551 4286 iecit,
1566 4230 1593 4275 ut
1606 4220 1702 4276 Saulus
1715 4218 1836 4288 deposita
1851 4218 1938 4274 tunica
1949 4233 1996 4273 re·

1211 4313 1270 4377 teri,
1285 4313 1400 4382 peccatis
1415 4325 1532 4380 pannosa
1543 4311 1565 4375 ³,
1579 4308 1696 4364 cudibus
1705 4308 1860 4379 sanguinea,
1875 4316 1903 4363 ut
1915 4306 1999 4378 depo·

1208 4405 1259 4459 sita
1273 4404 1321 4458 ista
1334 4403 1432 4468 tunica,
1441 4402 1572 4473 acciperet
1586 4401 1700 4456 tunicam
1710 4399 1876 4466 humilitatis,
1885 4408 1913 4456 ct
1924 4400 2000 4456 lieret

1209 4494 1243 4550 de
1253 4493 1334 4549 Sauln
1346 4493 1453 4547 Paulus

1244 4583 1355 4640 CAPUT
1376 4581 1431 4637 i'll.
1441 4612 1478 4624 -
1488 4580 1633 4649 imita,
1644 4582 1672 4636 id
1684 4591 1721 4638 eat
1733 4582 1856 4649 eodm,
1871 4581 1999 4653 pradela

1209 4692 1237 4732 tc
1251 4676 1350 4731 collare
1363 4674 1524 4745 predicator.
1540 4673 1608 4743 Quid
1617 4672 1782 4730 ettPaulusi
1798 4673 1931 4728 llinimus.
1941 4671 1999 4745 Epa

365 4759 446 4815 lrdem
462 4759 606 4816 haberetis.
622 4762 680 4816 Non
695 4763 766 4818 enim
779 4772 852 4832 orat,
865 4765 914 4820 nisi
932 4765 1008 4821 lidos.
1025 4765 1156 4833 Quomodo
1208 4769 1275 4823 enim
1288 4783 1345 4821 aum
1357 4767 1476 4821 artininrut
1486 4764 1675 4836 Apostolorum.
1688 4764 1828 4836 Eceequid
1837 4772 1878 4820 est
1889 4764 1999 4821 Paulus.

364 4852 612 4919 enitnt'nuocubnnt,
629 4853 656 4907 t'n
670 4870 742 4923 quem
761 4870 811 4908 non
828 4855 1007 4911 crediderant?
1022 4856 1073 4910 Aut
1091 4874 1156 4927 qao·
1209 4857 1320 4913 Paulum
1345 4856 1417 4914 enim
1447 4855 1529 4912 burro
1554 4855 1687 4912 modicum
1714 4864 1766 4911 est.
1796 4855 1840 4911 sle
1866 4855 1999 4925 loquimur

364 4942 439 4996 niodo
453 4941 587 4996 credentct'
603 4959 676 5012 quem
689 4960 738 4997 aron
757 4944 910 4999 audierunt?
922 4947 1054 5014 Quomodo
1073 4961 1156 5004 uatem
1209 4948 1316 5019 quando
1336 4947 1460 5012 dicimus,
1478 4947 1541 5003 Post
1560 4948 1668 5018 paulurn
1686 4945 1763 5003 rideo
1778 4955 1813 5014 te,
1838 4947 1916 5015 paulo
1938 4954 1999 5016 poti

364 5031 469 5085 oudinet
483 5033 537 5086 aine
550 5033 720 5103 praedicante?
734 5032 783 5088 Aut
795 5036 920 5103 quomodo
934 5037 1118 5106 predicabant,
1134 5039 1157 5095 ti
1210 5039 1277 5094 lucio
1293 5038 1369 5094 illud.
1384 5037 1453 5107 Quid
1467 5045 1520 5102 est,
1535 5038 1614 5106 paulo
1631 5036 1707 5107 posti
1721 5036 1824 5093 llodiua
1836 5045 1896 5106 post
1913 5053 1921 5092 t
1940 5043 2001 5105 post

365 5139 415 5178 non
430 5125 562 5178 arittuntnr
576 5124 665 5193 (Rana
680 5141 709 5189 ι,
724 5127 768 5192 ιι,
787 5126 848 5196 liiii
863 5126 924 5182 ldeo
941 5127 1081 5198 loquimur,
1093 5131 1155 5201 quia
1208 5134 1327 5204 paulum,
1350 5142 1412 5204 post
1432 5132 1577 5186 modicum.
1601 5129 1689 5197 Quare
1708 5143 1773 5200 erqo
1798 5126 1913 5184 Paulusi
1931 5127 1998 5194 Quia

364 5213 441 5269 missi
455 5230 556 5270 sumus.
570 5215 666 5270 Audite
683 5230 742 5282 nos,
754 5216 843 5272 aridite
856 5217 929 5272 illum
941 5234 988 5288 per
999 5235 1057 5274 noa.
1074 5221 1153 5292 Ergo,
1209 5225 1339 5281 modicus.
1355 5220 1562 5292 llodicus,quia
1582 5220 1752 5276 nouissimus.
1773 5215 1829 5289 Epa
1847 5216 1914 5272 ιιιίιιι
1929 5233 1997 5284 min,
2108 5218 2122 5241 ⁸

365 5303 402 5358 ait
416 5302 528 5374 aliquis,
548 5305 702 5361 invocamus
722 5306 819 5375 licum,
835 5316 863 5363 ut
877 5307 922 5364 det
936 5309 1013 5366 nobis
1033 5326 1156 5381 persero·
1209 5316 1309 5386 inquit,
1325 5313 1475 5369 accinimus
1493 5311 1684 5381 Apostolorum,
1699 5310 1743 5379 ιθ
1758 5325 1810 5365 ¹¹⁰⁸
1828 5323 1886 5364 Μ
1904 5308 1998 5380 didm

366 5411 427 5450 rare
443 5396 468 5451 in
482 5396 522 5450 bis
535 5397 612 5453 bonis
626 5413 685 5467 quae
701 5397 841 5466 habemus,
852 5409 879 5456 et
891 5400 971 5457 addat
988 5402 1057 5458 bona
1070 5405 1080 5436 ¹
1096 5420 1156 5474 quan
1208 5407 1292 5465 uxori
1311 5404 1458 5476 opattam,
1472 5403 1532 5472 2⁸5⁰
1551 5410 1695 5473 mmm
1707 5415 1764 5455 Μ
1776 5396 1919 5454 &Mam
1936 5395 1997 5451 Μ·

359 5500 418 5541 non
433 5487 570 5542 harbertus.
590 5489 730 5545 l‘raeeessit
744 5505 808 5561 crgo
823 5492 959 5564 fidesque
977 5504 1062 5567 rogat.
1077 5497 1156 5553 Certe
1208 5497 1280 5553 Bene
1298 5495 1365 5552 dicis
1377 5513 1384 5550 ι
1398 5493 1469 5552 unde
1486 5493 1600 5550 debuisti
1623 5492 1754 5560 damnari,
1770 5491 1804 5547 ab
1821 5506 1855 5548 eo
1870 5489 1997 5560 accepisti

365 5579 505 5634 totumdat
521 5581 600 5635 [leus.
614 5581 648 5638 Ut
667 5583 737 5637 euim
752 5582 828 5640 daret
848 5585 923 5654 mibi,
942 5588 1032 5656 rogaui
1048 5606 1054 5642 :
1069 5597 1099 5644 ut
1111 5604 1157 5645 ro·
1208 5589 1278 5643 tunde
1298 5586 1396 5642 debeas
1422 5583 1554 5642 coronari.
1586 5585 1680 5654 dquo
1700 5581 1837 5653 accepisti,
1857 5579 1928 5636 tunde
1947 5578 1998 5637 de'·

364 5687 466 5740 parem,
479 5673 550 5743 prius
564 5672 675 5730 credidi.
687 5674 757 5745 Erpa
769 5675 832 5730 milri
847 5677 907 5732 dedi
922 5677 992 5748 quod
1007 5678 1116 5746 uedidi,
1129 5687 1156 5736 et
1208 5679 1272 5734 beas
1293 5674 1439 5732 coronarit
1458 5675 1481 5729 d
1496 5688 1549 5745 quo
1567 5673 1687 5743 accepit,
1712 5672 1791 5727 ruitis
1810 5669 1924 5727 andirel
1945 5670 1997 5726 llo·

366 5763 437 5820 lleus
457 5763 529 5819 dedit
548 5764 619 5834 quod
641 5765 755 5821 credens
772 5768 856 5822 orari.
877 5768 1000 5824 Soluntur
1019 5770 1130 5838 quaestio
1147 5787 1153 5824 :
1208 5770 1254 5824 lite
1269 5784 1326 5832 me,
1342 5766 1425 5836 ipsum
1438 5766 1527 5822 audite
1539 5783 1546 5819 ι
1559 5763 1618 5820 Non
1637 5780 1711 5830 runt,
1724 5764 1828 5836 inquit,
1843 5763 1935 5835 diqnut
1956 5779 1997 5819 uo·

363 5855 500 5911 nonenim
513 5870 594 5926 parra
605 5865 656 5912 est.
672 5856 728 5912 lloe
742 5864 767 5912 ie
781 5858 859 5913 video
872 5860 955 5930 loqui,
971 5861 1070 5929 quintu
1083 5859 1156 5930 prior
1207 5862 1260 5913 cari
1273 5857 1418 5927 Apostolus,
1433 5857 1492 5926 quin
1504 5865 1647 5928 persecutor
1660 5873 1715 5910 turn
1728 5855 1865 5910 Ecclesium
1875 5854 1941 5917 liei:
1953 5855 1997 5908 rud

1218 6027 1222 6036 .
1241 5992 1247 6023 ¹
1261 5998 1325 6049 lass..
1335 5989 1393 6052 qrriu
1402 5988 1593 6041 ndrericordt'rnn
1604 5989 1722 6040 rornccuti
1734 5996 1797 6039 ιιιιι.

395 5992 404 6024 ι
417 5999 476 6051 rot,
488 5988 547 6056 Ml·
557 5991 603 6042 hoc
613 5998 639 6042 ei
648 5994 757 6054 diotimo
767 5994 820 6044 loeo
828 5993 968 6044 redundare
979 5995 1082 6045 ridetur.
1239 6052 1457 6115 'mmmmm
1477 6057 1505 6102 At
1515 6051 1576 6104 affl
1596 6049 2014 6114 mmmmmmmffi*

1261 6092 1270 6102 .
1460 6087 1465 6098 ·
1578 6087 1587 6113 ,
1714 6091 1717 6096 -

394 6054 405 6085 ¹
415 6054 453 6104 sle
462 6054 625 6117 ιιιιιιιιιιιριι.
638 6055 696 6105 inliti
705 6061 795 6119 autom,
806 6061 829 6107 ct
840 6055 931 6108 addere
942 6056 1010 6108 inin.
