4759 6684
362 578 417 638 ιιι

364 704 419 763 gno
433 687 603 759 malentem.
618 684 789 755 besstrgendo
800 681 922 738 cbristus
933 678 1043 735 abstulit
1055 677 1148 732 niortis

365 781 487 835 timorem
507 795 513 830 :
533 786 560 832 et
580 776 704 845 tptmniam
731 773 876 828 abstulerat
901 769 993 824 mortis
1015 769 1149 826 timorem.

364 869 461 923 merito
480 866 658 936 ituerrogabat
674 865 743 919 Petri
757 876 886 917 sutorem.
897 859 950 914 'lor
961 865 1103 928 negaverat
1115 856 1150 909 ti·

365 976 435 1025 mor,
451 968 490 1013 tor
501 957 638 1013 couiessus
652 965 693 1011 est
705 970 790 1009 arnor.
801 953 916 1008 Trinitas
933 949 1088 1020 negationis,
1104 946 1150 1001 de·

365 1050 448 1104 sertio
462 1048 582 1102 ueritatis
602 1064 609 1101 :
630 1047 734 1101 trinitas
758 1042 950 1107 confessionis,
972 1037 1149 1094 testimonium

365 1138 525 1194 dilectionis.

594 1264 706 1320 sonito
725 1247 934 1334 cutrtttt‘pp.
1009 1340 1012 1346 ἱ

368 1378 407 1434 De
427 1379 506 1432 orabis
527 1378 632 1431 Actorum
653 1377 840 1448 Apostolorum,
855 1392 911 1442 cap.
926 1390 954 1437 u,
973 1373 1047 1443 Ν,
1059 1370 1151 1426 uentre

403 1485 513 1524 rotaticus
529 1471 573 1524 tibi
590 1469 800 1535 nannetensem,
815 1466 994 1521 dieDotuinico
1009 1475 1151 1517 octonarum

403 1561 512 1617 Pascite
526 1562 608 1616 dictus
619 1562 653 1615 nd
664 1570 763 1617 retectos
774 1559 901 1629 llortpros
915 1557 1010 1628 uiginti.

403 1716 515 1773 CAPUT
533 1714 674 1771 butttbtt.
693 1744 728 1755 -
747 1714 772 1768 l.
794 1712 898 1765 damaim
917 1720 940 1764 et
953 1708 1089 1780 Sappbiroe
1102 1725 1152 1763 uon

367 1809 476 1865 tenerior
489 1807 624 1877 correptio,
635 1821 700 1859 mors
715 1802 869 1873 reeuperatis.
879 1798 945 1855 Cum
958 1799 1035 1854 lectio
1049 1800 1151 1870 legere-

369 1908 411 1952 tur
424 1897 458 1953 dc
472 1897 539 1952 libro
554 1896 598 1967 atti
614 1895 765 1950 inscribitur
779 1896 860 1947 Actus
878 1891 1074 1961 Apostolorum,
1093 1889 1152 1944 sui-

368 1987 547 2042 ntadrcrtistis
560 1985 623 2057 quid
636 1984 776 2053 contigerit
794 1983 841 2048 eis,
855 1983 900 2052 nui
914 1995 973 2035 cum
987 1980 1074 2034 rillam
1087 1994 1154 2033 uon·

368 2077 507 2143 didisseut,
523 2076 711 2130 sulurauerunt
723 2074 756 2128 de
771 2073 855 2143 pretio
867 2071 946 2134 villu,
959 2077 986 2125 et
998 2068 1153 2139 antepedes

370 2165 569 2236 Apostolorum,
582 2164 657 2233 qtrasi
669 2171 751 2217 totam
764 2162 886 2232 pretium,
899 2167 1052 2231 posueruut.
1063 2157 1153 2213 Conti-

368 2269 423 2309 nuo
436 2255 549 2324 correpti
563 2255 762 2324 exspiraverunt
783 2251 872 2317 ambo,
891 2252 933 2306 vir
950 2258 978 2307 et
997 2264 1065 2305 uxor
1084 2247 1151 2319 ejus.

367 2342 507 2399 Nonnullis
519 2343 622 2398 uidetur
635 2344 713 2396 rtinris
731 2355 824 2396 severa
846 2341 896 2394 ista
913 2338 992 2394 luisse
1008 2338 1152 2408 correptio,

368 2443 398 2490 ut
411 2445 518 2506 propter
532 2435 670 2504 pecuniam
684 2433 716 2488 dc
736 2448 765 2488 re
783 2446 830 2488 sua
848 2430 1020 2495 subtractam,
1031 2428 1153 2485 homiues

369 2526 616 2583 morerentur.litrn
633 2526 683 2579 boc
695 2524 807 2594 Spiritus
827 2530 935 2578 sanctus
952 2519 1062 2576 auaritia
1081 2518 1152 2588 lecit,

369 2617 416 2674 scd
440 2618 554 2688 Spiritus
579 2624 686 2671 sanctos
709 2614 876 2670 mendacium
900 2611 1153 2682 superruentium

368 2708 448 2763 rerba
463 2706 573 2762 audistis
588 2705 732 2760 beatissimi
747 2705 826 2769 Petri,
843 2703 954 2759 dicentis
966 2720 973 2756 :
987 2701 1079 2757 Nonne
1098 2717 1154 2755 ma-

370 2813 432 2852 tteas
444 2795 488 2851 tibi
502 2795 626 2861 monebat,
641 2795 804 2849 escendimus
819 2794 845 2847 in
859 2802 902 2847 tao
915 2801 968 2847 erat
980 2791 1153 2863 potestateisi

369 2887 455 2942 nolles
464 2885 590 2953 renidere,
602 2885 660 2957 quis
675 2893 700 2941 te
709 2887 832 2956 cogeret?
844 2885 871 2942 Si
883 2885 962 2940 nolles
971 2883 1066 2939 olierre
1076 2884 1154 2938 dinu-

369 2979 460 3041 dinm,
479 2977 538 3049 puis
559 2978 677 3048 exigeret
697 2977 798 3032 toturn?
811 2977 839 3034 Sl
852 2977 922 3033 enim
936 2976 1073 3032 dimidium
1088 2974 1154 3031 olle·

370 3068 482 3124 rendum
501 3076 569 3135 erat,
587 3067 723 3123 dimidium
736 3067 876 3123 dicendum
890 3077 957 3122 crat.
973 3067 1026 3121 Pro
1045 3066 1153 3121 totodi-

370 3160 490 3226 midinm,
506 3159 557 3215 boc
570 3169 612 3215 est
627 3158 787 3230 puniendum
802 3158 976 3213 mendacium.
993 3156 1049 3211 Non
1066 3167 1152 3211 tamen
1175 3144 1178 3149 ⁸

370 3253 499 3320 rideatur,
516 3251 622 3319 iratres,
637 3264 729 3307 serem
744 3250 887 3318 correptio,
903 3263 975 3303 mors
989 3247 1151 3316 temporalis.

369 3345 456 3415 litque
477 3343 578 3399 ntittam
600 3343 736 3413 bucusque
758 3341 872 3396 vindicta
897 3340 1064 3408 processerit.
1085 3336 1153 3405 Quid

369 3435 441 3488 enlm
469 3448 592 3504 magnum
620 3430 775 3486 mortalibus
801 3430 911 3499 contigit
935 3428 1153 3500 quandocumque

369 3523 523 3578 morituris?
533 3521 586 3578 Sed
598 3536 645 3591 per
659 3520 765 3576 illorum
780 3519 954 3589 temporalem
967 3534 1071 3590 poenanr
1084 3522 1153 3574 lietu

369 3611 430 3666 sciri
443 3612 525 3665 noluit
543 3610 719 3681 disciplinam.
733 3608 901 3665 Credendum
919 3618 960 3665 est
978 3618 1065 3664 autem
1082 3609 1152 3680 qnod

370 3710 430 3772 post
443 3701 511 3757 banc
524 3701 604 3756 vitam
617 3703 657 3757 cis
669 3701 815 3770 pepercerit
824 3701 912 3756 beas:
926 3715 1019 3771 magna
1031 3709 1073 3756 cst
1082 3701 1153 3756 enirn

368 3792 427 3861 ojus
437 3792 629 3848 misericordia.
640 3793 676 3847 be
689 3792 818 3847 mortibus
830 3800 920 3847 autern
930 3806 988 3861 quta
998 3792 1155 3863 contingunt

368 3898 402 3938 ex
412 3882 538 3948 vindicta,
549 3882 584 3937 ait
597 3881 711 3952 quodam
725 3881 785 3936 loco
797 3882 933 3952 apostolos
947 3881 1056 3948 Paulus,
1069 3882 1154 3937 corri-

369 3975 445 4045 piem
457 3988 503 4030 eos
521 3975 567 4045 qni
581 3974 651 4032 male
669 3975 817 4030 tractabant
837 3989 935 4046 corpus
954 3982 981 4031 et
999 3975 1153 4047 sanguinem

367 4064 478 4134 Christi,
492 4065 632 4133 etdicens,
645 4065 782 4138 Propterea
799 4067 827 4121 in
840 4068 909 4122 sotir
926 4069 999 4122 atulti
1017 4069 1112 4138 infirmi
1130 4078 1166 4125 et·

368 4157 438 4227 eprt,
451 4164 475 4211 et
487 4157 613 4211 donatiani
626 4158 773 4228 sufficientes
786 4174 795 4212 ε
808 4158 834 4214 id
849 4167 904 4224 est,
918 4169 1044 4229 quantum
1058 4160 1155 4216 sullicit

368 4247 401 4301 ad
413 4246 580 4318 disciplinam
593 4247 790 4318 imponendam.
804 4248 882 4304 lietu
894 4250 920 4304 ιιι
934 4250 1002 4303 uobis
1016 4250 1151 4315 domuum,

370 4338 422 4394 boc
434 4346 485 4405 est,
500 4339 658 4394 moriuntur.
673 4337 789 4410 Flagello
809 4339 880 4394 enim
902 4337 1005 4393 bertuini
1024 4338 1153 4409 corripie-

369 4427 464 4484 bantur
477 4446 484 4483 :
498 4430 671 4500 aegrotabant,
687 4437 714 4484 et
728 4428 917 4485 moriebantur.
930 4430 964 4484 Et
974 4428 1086 4500 subjecit
1096 4437 1155 4500 post

369 4516 427 4574 nae
439 4519 530 4586 rerba,
546 4527 573 4575 ct
586 4520 644 4574 ait:
661 4520 692 4575 Si
705 4520 771 4574 enias
785 4536 830 4574 nos
850 4519 919 4590 ipsos
933 4519 1123 4589 judicaremus,
1138 4536 1155 4573 a

369 4610 479 4666 Domino
486 4628 535 4665 nou
542 4612 725 4684 p'ttdt'rarenutr.
734 4609 798 4666 Cum
807 4612 954 4682 judicamur
965 4622 1059 4688 autem,
1070 4629 1086 4666 ιι
1097 4611 1153 4667 Do·

369 4700 438 4754 auno
452 4700 613 4768 corripimur,
627 4715 659 4753 ne
670 4715 727 4754 oum
740 4699 834 4755 mundo
848 4701 995 4756 damnemur
1009 4700 1031 4773 (1
1042 4700 1102 4759 Cor.
1115 4716 1152 4770 st,

303 4777 306 4781 ⁸
368 4788 480 4861 abab).
494 4790 562 4856 Quid
575 4790 597 4844 sl
611 4804 674 4860 erpo
687 4789 749 4845 hnic
761 4791 818 4845 rlro
831 4798 858 4845 ει
872 4792 946 4845 uxori
961 4792 1019 4859 cjns
1034 4792 1092 4847 talo-
1103 4792 1153 4847 ali·

368 4880 431 4950 quid
450 4878 579 4951 contigitl
591 4880 712 4951 ibrrepti
732 4888 794 4936 sont
807 4880 902 4936 monis
915 4881 1029 4953 llagello,
1044 4901 1078 4940 ne
1092 4900 1155 4957 sup-

369 4972 448 5043 plicio
458 4972 615 5043 punirentur
624 4979 734 5029 aterno.

402 5060 516 5118 cartu
536 5062 568 5119 ll.
587 5092 624 5104 -
639 5063 667 5118 ι.
691 5060 756 5118 Vota
767 5061 821 5119 Deo
835 5064 972 5121 reddenda.
984 5065 1039 5123 lloc
1052 5076 1153 5126 tantum

368 5154 488 5210 attendat
500 5154 621 5212 cbaritm
633 5164 731 5224 restra,
742 5155 802 5227 qnia
815 5156 839 5212 sl
850 5157 907 5213 beo
919 5157 1052 5229 displicuit
1065 5161 1154 5218 detra-

369 5245 434 5301 bcre
458 5246 492 5301 de
511 5245 623 5316 pecunia
645 5261 724 5317 quam
738 5256 866 5303 voverant
884 5248 950 5315 lieo,
964 5257 991 5306 et
1004 5251 1095 5324 tutique
1108 5254 1152 5310 illa

367 5338 481 5408 meanis
493 5336 582 5394 usibus
594 5337 730 5394 bominum
745 5339 828 5395 luerat
842 5342 991 5399 necessaria
1002 5344 1153 5415 :quomodo

982 568 1012 626 s.
1031 563 1214 625 inausum
1233 564 1385 625 sorssors
1930 586 1969 649 s„

1204 674 1266 730 lacit
1277 677 1327 731 sibi
1340 678 1464 746 domurn,
1477 679 1540 736 iacit
1554 683 1604 740 sibi
1617 685 1756 758 templum,
1769 686 1797 742 ln
1810 702 1863 758 troo
1877 690 1970 761 lttlltne

1203 764 1327 836 dignetur
1342 786 1348 822 :
1361 778 1386 823 ct
1400 771 1489 840 utiquc
1502 780 1622 830 sarnetum
1631 777 1688 831 snit
1697 793 1857 848 penuanmc
1870 788 1968 856 templ.

1203 870 1290 909 mutu.
1306 858 1396 913 Portest
1411 875 1473 930 ergo
1486 863 1580 934 virgini
1595 867 1793 924 sanctimoniali
1808 872 1910 930 nubenti
1920 879 1966 948 dict,

1203 947 1274 1016 quod
1289 948 1325 1001 ait
1338 950 1432 1005 Petrus
1450 952 1484 1006 de
1503 957 1612 1021 procoma
1627 957 1794 1029 :Virginitas
1809 971 1853 1016 tua
1870 972 1966 1040 nuarffl

1204 1052 1256 1090 nou
1273 1053 1382 1095 manens
1397 1043 1443 1096 tibi
1458 1046 1590 1112 manebat,
1604 1058 1631 1103 et
1644 1060 1786 1119 antequam
1798 1069 1857 1106 man
1870 1070 1964 1131 vorm,

1203 1124 1230 1179 in
1245 1134 1288 1181 tua
1303 1127 1388 1184 luerat
1403 1137 1550 1200 potestate?
1560 1137 1739 1209 Quacumque
1751 1156 1841 1198 antcrn
1854 1146 1901 1202 bor
1914 1150 1964 1209 itte

1204 1215 1267 1280 rint,
1278 1219 1398 1274 careant
1412 1222 1484 1289 talia,
1498 1235 1524 1277 et
1539 1240 1590 1280 non
1608 1228 1788 1295 reddideriut;
1800 1248 1854 1287 ιιιιιι
1864 1248 1965 1307 sem

1205 1310 1394 1376 temporalibus
1419 1314 1548 1369 mortibus
1572 1319 1679 1388 corripi,
1697 1320 1744 1376 sed
1758 1332 1861 1378 aterno
1872 1323 1965 1398 lsstln

1205 1399 1302 1452 mnari.

1437 1555 1552 1614 sunno
1570 1559 1673 1618 cuttu
1690 1566 1764 1637 ua).

1204 1709 1238 1767 ln
1256 1730 1305 1785 quo
1323 1717 1472 1786 questiones
1494 1721 1630 1790 proposito
1643 1741 1674 1779 es
1689 1726 1791 1783 delibus
1805 1728 1965 1802 amouens,

1240 1818 1297 1873 sap.
1313 1819 1341 1869 x,
1353 1814 1376 1859 ει
1389 1822 1420 1860 es
1437 1803 1588 1880 Eaanpelio,
1610 1814 1759 1881 ιειιιιιιιιιις
1779 1835 1824 1872 sets
1843 1819 1874 1875 de
1885 1834 1967 1893 m

1239 1894 1416 1963 questionibus
1431 1898 1550 1967 :prtum
1566 1900 1597 1957 ds
1611 1902 1704 1958 risione
1718 1903 1799 1961 Petri.
1814 1908 1968 1981 Secundam

1240 1983 1320 2037 aeriis
1332 1981 1473 2056 Eneapelii,
1489 1986 1586 2044 buceat
1607 1990 1695 2048 ltunen
1710 2003 1830 2051 nestrum
1842 2014 1924 2057 coram
1936 2000 1968 2059 lto

1244 2072 1368 2139 minibus,
1380 2085 1408 2129 ut
1417 2075 1522 2133 videant
1535 2078 1602 2135 botru
1618 2082 1684 2138 iacta
1700 2095 1799 2156 uestra,
1812 2099 1862 2145 etr.
1873 2088 1968 2165 Etpnt

1240 2172 1307 2234 post,
1320 2163 1418 2220 Cavete
1437 2165 1524 2224 lacere
1533 2169 1661 2240 justitiam
1674 2186 1789 2232 uestram
1804 2193 1891 2235 coram
1904 2178 1969 2237 itani-

1240 2253 1335 2321 nibus,
1349 2264 1377 2310 ιιι
1390 2256 1529 2314 videamini
1553 2262 1587 2315 ab
1609 2264 1658 2330 cis,
1681 2275 1730 2321 eto.
1758 2266 1856 2337 Tertia,
1869 2271 1900 2327 de
1913 2272 1970 2329 teil

1240 2341 1381 2415 Eneapeiii,
1401 2345 1506 2403 Nesciat
1528 2348 1634 2405 sinistra
1650 2364 1692 2407 tua
1706 2356 1768 2424 ‹prtid
1791 2356 1870 2415 iaciat
1882 2358 1968 2417 destas

1242 2443 1295 2488 tua.
1312 2435 1417 2503 Quarta,
1434 2436 1466 2491 de
1478 2436 1610 2496 dilectione
1623 2441 1716 2498 inimici
1729 2444 1778 2517 (ι).
1793 2446 1884 2504 bert.
1897 2466 1968 2523 cept,

1247 2523 1285 2594 ι.
1301 2522 1413 2596 ιιςιερ.
1429 2541 1465 2593 ιι,
1485 2526 1500 2597 ι
1514 2567 1520 2581 .
1537 2529 1594 2598 ι-ι,
1605 2539 1629 2585 et
1640 2547 1698 2602 cop.
1714 2549 1739 2602 r,
1758 2536 1846 2604 Νι
1861 2537 1904 2595 ld.

1240 2703 1353 2762 cantu
1366 2705 1568 2765 subibit-t.
1583 2709 1738 2777 Quoestioaes
1751 2716 1878 2775 retemta
1889 2736 1899 2775 .·
1910 2720 1970 2791 pt'ut

1207 2795 1324 2863 questio,
1335 2795 1366 2849 de
1378 2795 1471 2852 visione
1482 2796 1563 2853 Petri.
1576 2802 1645 2858 Ante
1659 2803 1729 2860 diem
1737 2807 1969 2883 Domiaieaw

1206 2883 1315 2963 rlorem,
1332 2885 1440 2940 mentiri
1455 2903 1497 2943 me
1510 2891 1705 2960 propositarum
1720 2893 1754 2950 dc
1767 2894 1910 2968 Scripturis
1924 2914 1970 2971 ῃ·

1206 2972 1327 3027 rumdam
1341 2976 1517 3044 ‹puastionum
1540 2978 1636 3035 iactam
1654 2997 1714 3039 esse
1735 2983 1883 3044 debitorem
1894 2988 1971 3047 Satai-

1206 3063 1253 3116 tati
1268 3072 1361 3118 vestrm
1376 3063 1424 3137 (ε).
1440 3064 1487 3121 Est
1511 3076 1610 3138 antem,
1631 3081 1757 3139 quatitum
1781 3074 1909 3134 Domitius
1928 3078 1971 3134 tue

1205 3151 1340 3222 dignatur,
1352 3154 1471 3211 soluendi
1486 3165 1600 3229 tempus,
1616 3175 1650 3217 ne
1663 3160 1764 3219 diutius
1778 3163 1928 3235 debeamus,
1937 3166 1971 3223 ιΗ

1205 3243 1288 3298 solam
1308 3242 1475 3310 charitatem,
1494 3262 1553 3317 quae
1573 3263 1681 3320 semper
1694 3250 1827 3323 redditur,
1848 3263 1875 3311 ει
1890 3270 1972 3326 wopa

1209 3331 1330 3387 debetur.
1339 3333 1375 3389 lic
1386 3336 1487 3390 visione
1500 3337 1570 3393 Petri
1580 3337 1731 3397 dixeramus
1740 3346 1912 3414 enormium
1920 3360 1971 3408 αιι.

1205 3420 1267 3492 quid
1281 3422 1330 3477 sibi
1343 3423 1405 3478 velit
1415 3441 1458 3479 oas
1472 3426 1547 3493 illud,
1559 3438 1676 3500 tanquam
1688 3432 1794 3488 linteam
1806 3434 1974 3495 romnus

1205 3512 1267 3566 ereio
1288 3523 1396 3586 quatuor
1414 3514 1496 3583 lineis,
1517 3517 1544 3573 itt
1563 3536 1611 3590 qtto
1631 3533 1704 3578 erant
1725 3528 1812 3581 omnia
1825 3526 1974 3603 qsdnptfi

1205 3609 1287 3668 terro,
1296 3612 1319 3656 et
1331 3607 1466 3674 serpentia,
1478 3615 1501 3661 et
1512 3608 1623 3665 uolatiiio
1636 3612 1692 3667 coeii
1702 3629 1713 3668 .·
1724 3626 1751 3670 et
1763 3618 1837 3687 quod
1846 3618 1976 3676 dictent!

1205 3690 1284 3746 Petro
1299 3707 1363 3747 uoce
1375 3694 1474 3762 diviua,
1490 3695 1582 3754 Occide
1591 3708 1614 3754 et
1629 3702 1755 3758 marlaco
1767 3715 1815 3763 :et
1824 3708 1895 3779 qood
1908 3706 1976 3766 terh·

1207 3786 1280 3834 ctum
1296 3788 1336 3834 est
1350 3791 1377 3836 et
1389 3792 1563 3857 assumptum.

1239 3866 1351 3924 curbi
1361 3869 1457 3926 ιΙ.-Ξ.
1472 3870 1598 3930 Vorocttas
1608 3893 1657 3932 aon
1666 3879 1887 3950 itarperataPelro.
1897 3884 1979 3943 stra

1205 3969 1252 4010 sus
1263 3970 1311 4010 eos
1324 3958 1430 4026 quidem
1443 3961 1487 4029 nui
1499 3963 1671 4020 voracitatem
1685 3981 1700 4021 a
1715 3969 1830 4025 borntno
1843 3972 1900 4031 neo
1911 3974 1979 4044 lupt-

1205 4055 1289 4100 ratam
1304 4046 1383 4103 Petro
1399 4049 1573 4120 arbitrantur,
1590 4051 1667 4111 lacile
1680 4066 1721 4111 cst
1733 4057 1883 4129 disputare.
1900 4062 1979 4129 ιω,

1205 4135 1266 4204 qnia
1280 4136 1383 4191 etiamsi
1393 4138 1426 4193 ad
1439 4139 1553 4195 litteram
1563 4144 1673 4199 uelimus
1683 4146 1808 4217 accipere
1819 4151 1892 4222 qood
1901 4151 1981 4209 den

1205 4231 1256 4286 est,
1273 4222 1375 4289 Occide,
1391 4234 1415 4279 et
1427 4228 1571 4285 madoco:
1584 4247 1638 4286 non
1650 4235 1773 4292 occidere
1792 4247 1821 4294 et
1841 4240 1982 4299 maten·

1205 4321 1341 4384 peccatum
1353 4324 1404 4384 est,
1421 4317 1467 4374 sed
1482 4318 1656 4379 immoderate
1666 4327 1702 4380 uti
1715 4326 1795 4384 donis
1809 4329 1869 4396 liei,
1880 4348 1938 4404 epta
1948 4330 1983 4389 lti-

1205 4404 1263 4460 buit
1275 4404 1308 4459 ad
1323 4420 1388 4463 usus
1402 4406 1512 4464 bomini.

1241 4496 1268 4552 5.
1277 4493 1426 4552 iudeorum
1435 4500 1586 4557 abstinentia
1595 4505 1625 4559 ab
1633 4505 1985 4589 immutarem-ff

1206 4587 1450 4647 wiremutensi
1466 4593 1536 4648 enim
1549 4606 1705 4666 acceperant
1718 4609 1793 4657 ceria
1805 4604 1931 4663 almath
1940 4616 1985 4679 μ

1207 4677 1407 4748 manducarent,
1420 4691 1448 4737 et
1464 4692 1535 4738 certa
1549 4701 1563 4740 a
1576 4687 1670 4756 quibus
1683 4688 1854 4750 abstinerent
1868 4712 1877 4751 s
1890 4694 1984 4769 path

1207 4768 1397 4838 signiilcatione
1409 4787 1499 4829 rerum
1509 4773 1656 4832 iuturarum
1669 4793 1717 4836 eos
1726 4784 1878 4853 accepisse,
1891 4784 1986 4843 ιιιῦ

1206 4862 1399 4929 statapostolus
1410 4863 1517 4931 Paulus,
1529 4865 1620 4924 dicens
1633 4887 1640 4923 :
1653 4868 1736 4926 Nemo
1748 4876 1986 4948 crpoeosjsdireh

1206 4949 1270 5019 sido,
1285 4961 1329 5006 ost
1340 4953 1366 5007 in
1380 4963 1452 5025 pota,
1468 4965 1511 5010 aat
1523 4949 1549 5012 ιιι
1562 4961 1690 5030 partediei
1703 4963 1771 5033 ferd,
1786 4973 1833 5019 ortt
1850 4966 1986 5033 ιιεειά,

1206 5051 1249 5096 attt
1262 5044 1429 5114 sabbatorum,
1444 5048 1512 5117 qaod
1525 5058 1561 5105 eu
1574 5050 1661 5105 untdra
1673 5056 1822 5124 [murorum
1835 5056 1847 5132 (
1858 5058 1954 5117 Calest-
1965 5074 1988 5121 Ι.

1207 5132 1250 5200 ιθ,
1267 5130 1330 5206 il).
1351 5132 1441 5207 ltsqttc
1456 5137 1511 5208 iant
1527 5140 1688 5211 temporibus
1709 5143 1843 5205 Ecclesia
1863 5148 1930 5207 ttctt
1947 5148 1990 5207 ὦ

1259 5326 1400 5399 mandatus
1416 5329 1446 5380 au
1462 5344 1500 5393 gr.
1519 5333 1830 5391 t.etadettm.rsr.tov.
1906 5343 1912 5354 ·

1284 5386 1353 5447 abas,
1370 5390 1401 5439 de
1411 5391 1517 5444 biremis
1527 5392 1565 5444 ii.

369 5428 490 5485 irascitur
504 5428 585 5497 lions,
596 5430 702 5501 qttando
714 5441 825 5487 voretur
837 5432 957 5500 castitas,
972 5447 999 5491 et
1012 5452 1063 5491 non
1079 5437 1154 5493 erlui—
1236 5386 1273 5511 ιιι
1284 5449 1321 5498 sic
1331 5447 1414 5500 titulus
1424 5459 1519 5503 notatur
1537 5456 1562 5504 to
1572 5455 1669 5507 Possdli
1680 5459 1796 5522 ιιιιιαιιο,
1810 5474 1867 5526 sap.
1883 5462 1915 5515 0.
1930 5464 1995 5518 ath

368 5520 462 5584 betur:
477 5520 583 5590 qnando
596 5529 707 5577 novetur
725 5522 876 5592 virginitas,
890 5532 916 5580 ει
931 5540 983 5580 non
997 5526 1153 5585 extuberent
1207 5514 1259 5558 ¹¹⁵⁸·
1270 5509 1415 5570 mmm*
1432 5520 1487 5562 ‘⁰⁰
1497 5516 1590 5588 νίψῃς
1599 5519 1693 5567 '’⁰²¹⁵‘’

370 5612 485 5669 voretur
495 5615 567 5669 onim
582 5615 615 5668 ad
630 5628 692 5669 usus
706 5614 763 5678 lici,
775 5624 801 5669 et
816 5629 868 5670 non
882 5616 915 5671 ad
930 5631 994 5671 usus
1007 5618 1150 5677 bominum.
1205 5570 1359 5681 boitifflin
1369 5575 1732 5691 abggabiduffidrltmadffl
1738 5584 1998 5713 mh*-

369 5701 437 5768 Quid
449 5702 570 5774 estquod
583 5702 649 5768 dixi.
661 5702 694 5758 ad
707 5718 769 5759 usus
780 5703 845 5759 bett
853 5704 919 5774 Quia
931 5705 965 5761 de
977 5709 1076 5765 sanctis
1084 5708 1152 5768 lictus
1208 5690 1875 5817 :ffifflffnssffifflssfflssffiew
1886 5708 1999 5779 Μ

1209 5812 1485 5887 «dissoni-sequuntur
1499 5820 1549 5881 jam
1559 5823 1700 5875 esamiooes
1717 5827 1795 5877 obser

1208 5876 1696 5946 «quantumsioreosiotpubdoodtoe

1209 5939 1346 5997 «pttopure
1355 5937 1490 5989 christiam.
1504 5956 1515 5988 r

400 5862 410 5881 ·
426 5864 569 5936 mandatus
580 5864 610 5914 ad
621 5864 659 5914 cb.
672 5878 709 5928 [tr.
723 5864 788 5919 etad
799 5864 867 5919 utar.
877 5872 944 5918 rant

401 5921 438 5984 (a)
448 5922 516 5986 altas,
527 5924 560 5976 de
569 5928 673 5978 ιιιιειιιε
684 5927 721 5980 ιι.
